% This file was created with JabRef 2.7.2.
% Encoding: Cp1252

@ARTICLE{ackermanetaltoappear,
  author = {Ackerman, Farrel and Malouf, Robert and Moore, John},
  title = {Symmetrical objects in {Moro}: An {HPSG} account},
  journal = {Journal of Linguistics},
  year = {To appear},
  owner = {Birgit},
  timestamp = {2016.08.28}
}

@BOOK{adi1973,
  title = {{Brako}},
  publisher = {Ghana Publishing Company},
  year = {1973},
  author = {Adi, Kwabena},
  address = {Accra-Tema},
  owner = {Birgit},
  timestamp = {2016.08.23}
}

@UNPUBLISHED{agyeman2002,
  author = {Agyeman, Nana Ama},
  title = {Serial verb constructions in {Akan}},
  note = {Trondheim: NTNU. (Master?s thesis.)},
  year = {2002},
  owner = {Birgit},
  timestamp = {2016.08.23}
}

@BOOK{alexandre1953,
  title = {La langue m\={o}r\'{e}. ({Me\'{e}moires de l'Institut Fran\c{c}ais
	d'Afrique Noire})},
  publisher = {IFAN},
  year = {1953},
  author = {Alexandre, Gustave},
  address = {Dakar},
  owner = {Birgit},
  timestamp = {2016.08.28}
}

@BOOK{bashi2008,
  title = {R\'{e}flexions pr\'{e}liminaires sur la r\'{e}daction d'un dictionnaire
	bilingue {M}ashi-fran\c{c}ais},
  publisher = {Universit\'{e} de Lille III},
  year = {2008},
  author = {Bashi Murhi-Orhakube, Constantin},
  address = {Lille},
  note = {Doctoral dissertation},
  owner = {Birgit},
  timestamp = {2016.08.10}
}

@BOOK{bastin1983,
  title = {La finale verbale -ide et l'imbrication en {B}antou},
  publisher = {Mus\'{e}e royal de l'Afrique central},
  year = {1983},
  author = {Bastin, Yvonne},
  volume = {114},
  series = {Annales, s\'{e}rie in-8, sciences humaines},
  address = {Tervuren},
  owner = {Birgit},
  timestamp = {2016.08.10}
}

@BOOK{bible1974,
  title = {{Nwoma Kr\textopeno nkr\textopeno n} ({Fante} Bible)},
  publisher = {Bible Society of Ghana},
  year = {1974},
  author = {{Bible Society of Ghana}},
  address = {Accra},
  owner = {Birgit},
  timestamp = {2016.08.23}
}

@BOOK{bible1964,
  title = {Twer\textepsilon Kronkron ({Asante} Bible)},
  publisher = {Bible Society of Ghana},
  year = {1964},
  author = {{Bible Society of Ghana}},
  address = {Accra},
  owner = {Birgit},
  timestamp = {2016.08.23}
}

@BOOK{bodomo1997,
  title = {The structure of {Dagaare}},
  publisher = {CSLI publications},
  year = {1997},
  author = {Bodomo, Adams},
  address = {Stanford},
  owner = {Birgit},
  timestamp = {2016.08.28}
}

@ARTICLE{bresnanmoshi1990,
  author = {Bresnan, Joan and Moshi, Lioba},
  title = {Object asymmetries in comparative {Bantu} syntax},
  journal = {Linguistic Inquiry},
  year = {1990},
  volume = {21},
  pages = {147--185},
  owner = {Birgit},
  timestamp = {2016.08.28}
}

@UNPUBLISHED{broomhall2011,
  author = {Broomhall, Elizabeth},
  title = {{B}ena text linguistics},
  note = {Nairobi: Africa International University. (Unpublished ms.)},
  year = {2011},
  owner = {Birgit},
  timestamp = {2016.08.17}
}

@ARTICLE{brunelleetal2012,
  author = {Brunelle, Marc and H\textsubdot{a}, Ki\`{\^{e}}u Ph\uhorn \ohorn
	ng and Grice, Martina},
  title = {Intonation in Northern Vietnamese},
  journal = {The Linguistic Review},
  year = {2012},
  volume = {29},
  pages = {3--36},
  owner = {Birgit},
  timestamp = {2016.06.07}
}

@ARTICLE{buelletal2011,
  author = {Buell, Leston C. and Riedel, Kristina and {van der Wal}, Jenneke},
  title = {What the {B}antu languages can tell us about word order and movement},
  journal = {Lingua},
  year = {2011},
  volume = {121},
  pages = {689--701},
  owner = {Birgit},
  timestamp = {2016.08.17}
}

@INCOLLECTION{cahillforth,
  author = {Cahill, Michael},
  title = {Intonation in K\textopeno nni},
  year = {forthcoming},
  editor = {Downing and Rialland},
  owner = {Birgit},
  timestamp = {2016.06.09}
}

@INCOLLECTION{cahill2012,
  author = {Cahill, Michael},
  title = {Polar question intonation in K\textopeno nni},
  booktitle = {Selected Proceedings of the 42nd Annual Conference on African Linguistics},
  publisher = {Cascadilla Proceedings Project},
  year = {2012},
  editor = {Marlo, Michael R. and Adams, Nikki B. and Green, Christopher R. and
	Morrison, Michelle and Purvis, Tristan M},
  pages = {90--98},
  address = {Somerville, MA},
  note = {\url{http://www.lingref.com/cpp/acal/42/index.html}, document no.
	2761},
  owner = {Birgit},
  timestamp = {2016.06.09}
}

@BOOK{cahill2007,
  title = {Aspects of the morphology and phonology of {Konni}},
  publisher = {SIL International},
  year = {2007},
  author = {Cahill, Michael},
  address = {Dallas},
  owner = {Birgit},
  timestamp = {2016.06.09}
}

@ARTICLE{calamaibertinetto2005,
  author = {Calamai, Silvia and Bertinetto, Pier Marco},
  title = {Indagine preliminare sul vocalismo orale della lingua m\`{o}ore\'{e}
	({Gur, Niger Congo})},
  journal = {Quaderni del Laboratorio di Linguistica},
  year = {2005},
  volume = {5},
  note = {\url{ http://linguistica.sns.it/QLL/QLL04_05/Calamai_Bertinetto.pdf}
	(Accessed 2015-04-15)},
  owner = {Birgit},
  timestamp = {2016.08.28}
}

@BOOK{canu1974,
  title = {Description synchronique de la langue m\`{o}\`{o}r\'{e}},
  publisher = {Service de reproduction des th\`{e}ses},
  year = {1974},
  author = {Canu, Gaston},
  address = {Lille},
  note = {Doctoral dissertation},
  owner = {Birgit},
  timestamp = {2016.08.28}
}

@UNPUBLISHED{chebanne1993,
  author = {Chebanne, Andy M.},
  title = {Imbrication of Suffixes in {Setswana}},
  note = {Paper presented at the 24th Annual Conference on African Linguistics,
	Columbus, OH, 23-25 July 1993},
  year = {1993},
  owner = {Birgit},
  timestamp = {2016.08.10}
}

@BOOK{Chomsky1957,
  title = {Syntactic structures},
  publisher = {Mouton},
  year = {1957},
  author = {Noam Chomsky},
  address = {The Hague}
}

@INCOLLECTION{cohen2009,
  author = {Cohen, Ariel},
  title = {Fronted quantificational adverbs},
  booktitle = {Dislocated elements in discourse: Syntactic, semantic, and pragmatic
	perspectives},
  publisher = {Routledge},
  year = {2009},
  editor = {Shaer, Benjamin and Cook, Philippa and Frey, Werner and Maienborn,
	Claudia},
  pages = {312--327},
  address = {New York \& London},
  owner = {Birgit},
  timestamp = {2016.08.17}
}

@BOOK{Comrie1981,
  title = {Language Universals and Linguistic Typology},
  publisher = {Basil Blackwell},
  year = {1981},
  author = {Bernard Comrie},
  address = {Oxford}
}

@BOOK{cruttenden1997,
  title = {Intonation. 2nd edn},
  publisher = {Cambridge University Press},
  year = {1997},
  author = {Cruttenden, Alan},
  address = {Cambridge},
  owner = {Birgit},
  timestamp = {2016.06.09}
}

@BOOK{decat2007,
  title = {French dislocation: Interpretation, syntax, acquisition},
  publisher = {Oxford University Press},
  year = {2007},
  author = {{De Cat}, C\'{e}cile},
  address = {Oxford},
  owner = {Birgit},
  timestamp = {2016.08.17}
}

@BOOK{dench1995,
  title = {Martuthunira: A language of the {Pilbara region of Western Australia}},
  publisher = {Australian National University},
  year = {1995},
  author = {Dench, Alan},
  number = {125},
  series = {Pacific Linguistics, Series C},
  address = {Canberra},
  owner = {Birgit},
  timestamp = {2016.08.28}
}

@BOOK{denteh1989,
  title = {Duabatabo\textopeno},
  publisher = {Baafour Educational Enterprises Ltd.},
  year = {1989},
  author = {Denteh, A. Crakye},
  address = {Accra},
  owner = {Birgit},
  timestamp = {2016.08.23}
}

@BOOK{dik1989,
  title = {The theory of functional grammar, part 1: The structure of the clause},
  publisher = {Foris},
  year = {1989},
  author = {Dik, Simon C.},
  address = {Dordrecht},
  owner = {Birgit},
  timestamp = {2016.08.17}
}

@BOOK{dik1981,
  title = {Functional grammar},
  publisher = {Foris},
  year = {1981},
  author = {Dik, Simon C.},
  address = {Dordrecht},
  note = {3\textsuperscript{rd} edn.},
  owner = {Birgit},
  timestamp = {2016.08.17}
}

@INCOLLECTION{dixonaikhenvald2000b,
  author = {Dixon, R.M.W. and Aikhenvald, Alexandra Y.},
  title = {Introduction},
  booktitle = {Changing valency: Case studies in transitivity},
  publisher = {Cambridge University Press},
  year = {2000},
  editor = {Dixon, R.M.W. and Aikhenvald, Alexandra Y.},
  pages = {1--29},
  address = {Cambridge},
  owner = {Birgit},
  timestamp = {2016.08.23}
}

@BOOK{dolphyne1988,
  title = {The {Akan (Twi-Fante)} language: Its sound systems and tonal structure},
  publisher = {Ghana Universities Press},
  year = {1988},
  author = {Dolphyne, Florence A.},
  address = {Accra},
  owner = {Birgit},
  timestamp = {2016.08.23}
}

@ARTICLE{donohue1996,
  author = {Donohue, Mark},
  title = {Bajau: A symmetrical {A}ustronesian language},
  journal = {Language},
  year = {1996},
  volume = {72},
  pages = {782--793},
  owner = {Birgit},
  timestamp = {2016.08.28}
}

@BOOK{dooleylevinsohn2001,
  title = {Analyzing discourse: A manual of basic concepts},
  publisher = {SIL International},
  year = {2001},
  author = {Dooley, Robert A. and Levinsohn, Stephen H.},
  address = {Dallas},
  owner = {Birgit},
  timestamp = {2016.08.17}
}

@INCOLLECTION{downinghymanforth,
  author = {Downing, Laura J. and Hyman, Larry M.},
  title = {Information structure in {Bantu}},
  booktitle = {The {O}xford handbook of information structure},
  publisher = {Oxford Handbooks Online},
  year = {Forthcoming},
  editor = {F\'{e}ry, Caroline and Ishihara, Shinichiro},
  owner = {Birgit},
  timestamp = {2016.08.17}
}

@INCOLLECTION{dryer2007,
  author = {Dryer, Matthew},
  title = {Clause types},
  booktitle = {Language typology and syntactic description},
  publisher = {Cambridge University Press},
  year = {2007},
  editor = {Shopen, Timothy},
  pages = {224--275},
  address = {Cambridge},
  owner = {Birgit},
  timestamp = {2016.08.28}
}

@ARTICLE{dryer1986,
  author = {Dryer, Matthew},
  title = {Primary objects, secondary objects, and antidative},
  journal = {Language},
  year = {1986},
  volume = {62},
  pages = {808--845},
  owner = {Birgit},
  timestamp = {2016.08.28}
}

@BOOK{eaton2015a,
  title = {{B}ena narrative discourse},
  publisher = {SIL International},
  year = {2015},
  author = {Eaton, Helen},
  number = {25},
  series = {SIL Language and Culture Documentation and Description},
  address = {Dallas},
  owner = {Birgit},
  timestamp = {2016.08.17}
}

@BOOK{eaton2015b,
  title = {Malila narrative discourse},
  publisher = {SIL International},
  year = {2015},
  author = {Eaton, Helen},
  number = {27},
  series = {SIL Language and Culture Documentation and Description},
  address = {Dallas},
  owner = {Birgit},
  timestamp = {2016.08.17}
}

@BOOK{erteschikshir2007,
  title = {Information structure: The syntax-discourse interface},
  publisher = {Oxford University Press},
  year = {2007},
  author = {Erteschik-Shir, Nomi},
  address = {Oxford},
  owner = {Birgit},
  timestamp = {2016.08.17}
}

@BOOK{essilfie1977,
  title = {Serialization in {Fante}},
  publisher = {Leeds University},
  year = {1977},
  author = {Essilfie, Thomas},
  address = {Leeds},
  note = {Doctoral thesis},
  owner = {Birgit},
  timestamp = {2016.08.23}
}

@INCOLLECTION{fiedleretal2010,
  author = {Fiedler, Ines and Hartmann, Katharina and Reineke, Brigitte and Schwarz,
	Anne and Zimmermann, Malte},
  title = {Subject focus in {West African} languages},
  booktitle = {Information structure: Theoretical, typological, and experimental
	perspectives},
  publisher = {Oxford University Press},
  year = {2010},
  editor = {Zimmermann, Malte and F\'{e}ry, Caroline},
  pages = {234--257},
  address = {Oxford},
  owner = {Birgit},
  timestamp = {2016.08.17}
}

@ARTICLE{fiedlerjannedy2013,
  author = {Fiedler, Ines and Jannedy, Stefanie},
  title = {Prosody of focus marking in {E}we},
  journal = {Journal of African Languages and Linguistics},
  year = {2013},
  volume = {34},
  pages = {1--46},
  number = {1},
  owner = {Birgit},
  timestamp = {2016.06.14}
}

@BOOK{fisher1984,
  title = {Lunda-{N}dembu handbook},
  publisher = {Neczam},
  year = {1984},
  author = {Fisher, M. K.},
  address = {Lusaka},
  owner = {Birgit},
  timestamp = {2016.08.10}
}

@UNPUBLISHED{floor2005,
  author = {Floor, Sebastian J.},
  title = {Marked word-order and focus in {KiMwani}},
  note = {Unpublished ms},
  year = {2005},
  owner = {Birgit},
  timestamp = {2016.08.17}
}

@INCOLLECTION{forson1990,
  author = {Forson, Barnabas},
  title = {On the morphology of {Akan} serial constructions},
  booktitle = {Current approaches to African linguistics},
  publisher = {Foris},
  year = {1990},
  editor = {Hutchison, J. P. and Manfredi, V.},
  pages = {63--66},
  address = {Dordrecht},
  owner = {Birgit},
  timestamp = {2016.08.23}
}

@ARTICLE{gueldemannetal2015,
  author = {G\"{u}ldemann, Tom and Zerbian, Sabine and Zimmermann, Malte},
  title = {Variation in information structure with special reference to {Africa}},
  journal = {Annual Review of Linguistics},
  year = {2015},
  volume = {1},
  pages = {155--178},
  owner = {Birgit},
  timestamp = {2016.08.17}
}

@INCOLLECTION{garding1998,
  author = {G\r{a}rding, Eva},
  title = {Intonation in {S}wedish},
  booktitle = {Intonation Systems: A Survey of Twenty Languages},
  publisher = {Cambridge University Press},
  year = {1998},
  editor = {Hirst, Daniel and Di Cristo, Albert},
  pages = {112--130},
  address = {New York},
  owner = {Birgit},
  timestamp = {2016.06.14}
}

@UNPUBLISHED{vangelderen2011,
  author = {van Gelderen, Elly},
  title = {Basic valency and language change},
  note = {Paper presented at the 9th Association of Linguistic Typology conference,
	University of Hong Kong, Hong Kong July 21--24, 2011},
  year = {2011},
  owner = {Birgit},
  timestamp = {2016.08.26}
}

@INCOLLECTION{gibbon1998,
  author = {Gibbon, Dafydd},
  title = {Intonation in {G}erman},
  booktitle = {Intonation Systems: A Survey of Twenty Languages},
  publisher = {Cambridge University Press},
  year = {1998},
  editor = {Hirst, Daniel and Di Cristo, Albert},
  pages = {78--95},
  address = {New York},
  owner = {Birgit},
  timestamp = {2016.06.14}
}

@INCOLLECTION{gibsonetaltoappear,
  author = {Gibson, Hannah and Koumbarou, Andriana and Marten, Lutz and van der
	Wal, Jenneke},
  title = {Locating the {Bantu} conjoint/disjoint alternation in a typology
	of focus marking},
  booktitle = {The conjoint/disjoint alternation in {Bantu}},
  publisher = {De Gruyter},
  year = {To appear},
  editor = {{van der Wal}, Jenneke and Hyman, Larry M.},
  address = {Berlin},
  owner = {Birgit},
  timestamp = {2016.08.17}
}

@BOOK{goldberg1995,
  title = {Constructions: A construction grammar approach to argument structure},
  publisher = {University of Chicago Press},
  year = {1995},
  author = {Goldberg, Adele},
  address = {Chicago},
  owner = {Birgit},
  timestamp = {2016.08.28}
}

@INCOLLECTION{good2010,
  author = {Good, Jeff},
  title = {Topic and focus fields in {Naki}},
  booktitle = {The expression of information structure: A documentation of its diversity
	across {A}frica},
  publisher = {John Benjamins},
  year = {2010},
  editor = {Fiedler, Ines and Schwarz, Anne},
  pages = {35--67},
  address = {Amsterdam/Philadelphia},
  owner = {Birgit},
  timestamp = {2016.08.17}
}

@ARTICLE{green2009,
  author = {Green, Christopher},
  title = {Prosody and intonation in {Non-Bantu Niger-Congo} languages: An annotated
	bibliography},
  journal = {Electronic Journal of Africana Bibliography},
  year = {2009},
  volume = {11},
  note = {Available at \url{http://ir.uiowa.edu/ejab/vol11/iss1/1/}},
  owner = {Birgit},
  timestamp = {2016.06.14}
}

@ARTICLE{greenberg1951,
  author = {Greenberg, Joseph Harold},
  title = {Vowel and nasal harmony in {B}antu languages},
  journal = {Revue Congolaise},
  year = {1951},
  volume = {8},
  pages = {813--820},
  owner = {Birgit},
  timestamp = {2016.08.10}
}

@INCOLLECTION{gundelfretheim2004,
  author = {Gundel, Jeanette K. and Fretheim, Thorstein},
  title = {Topic and focus},
  booktitle = {The handbook of pragmatics},
  publisher = {Blackwell},
  year = {2004},
  editor = {Horn, Laurence R. and Ward, Gregory},
  pages = {175--196},
  address = {Oxford},
  owner = {Birgit},
  timestamp = {2016.08.17}
}

@BOOK{gussenhoven2004,
  title = {The Phonology of tone and intonation},
  publisher = {Cambridge University Press},
  year = {2004},
  author = {Gussenhoven, Carlos},
  address = {Cambridge},
  owner = {Birgit},
  timestamp = {2016.06.14}
}

@BOOK{guthrie1967,
  title = {Comparative {Bantu}. An introduction to the comparative linguistics
	and prehistory of the {Bantu} languages. (4 vols.)},
  publisher = {Gregg International},
  year = {1967-71},
  author = {Guthrie, Malcolm},
  address = {Farnborough},
  owner = {Birgit},
  timestamp = {2016.08.17}
}

@ARTICLE{halliday1967,
  author = {Halliday, M.A.K.},
  title = {Notes on transitivity and theme in {English II}},
  journal = {Journal of Linguistics},
  year = {1967},
  volume = {3},
  pages = {199--244},
  owner = {Birgit},
  timestamp = {2016.08.17}
}

@ARTICLE{harley2009,
  author = {Harley, Matthew},
  title = {Focus constructions in {T}uwuli},
  journal = {Journal of West African Languages},
  year = {2009},
  volume = {XXXVI},
  pages = {75--90},
  number = {1--2},
  owner = {Birgit},
  timestamp = {2016.06.14}
}

@INCOLLECTION{haspelmath1993,
  author = {Haspelmath, Martin},
  title = {More on the typology of inchoative/causative verb alternations},
  booktitle = {Causatives and transitivity},
  publisher = {John Benjamins},
  year = {1993},
  editor = {Comrie, Bernard and Polinsky, Maria},
  pages = {87--120},
  address = {Amsterdam},
  owner = {Birgit},
  timestamp = {2016.08.23}
}

@INCOLLECTION{haspelmathmuellerbardey2004,
  author = {Haspelmath, Martin \& M\"{u}ller-Bardey, Thomas},
  title = {Valency change},
  booktitle = {Morphology: An international handbook on inflection and word-formation},
  publisher = {Walter de Gruyter Mouton},
  year = {2004},
  editor = {Booij, Geert and Lehmann, Christian and Mugdan, Joachim and Skopeteas,
	Stavros},
  volume = {2},
  pages = {1130--1145},
  address = {Berlin},
  owner = {Birgit},
  timestamp = {2016.08.23}
}

@INCOLLECTION{hellanetal2003,
  author = {Hellan, Lars, Beermann and Doroth\'{e}e and Andenes, Eli S.},
  title = {Towards a typology of serial verb constructions in {Akan}},
  booktitle = {Studies in the languages of the {Volta} basin},
  publisher = {University of Ghana},
  year = {2003},
  editor = {Kropp Dakubu, Mary Esther and Osam, E. Kweku},
  volume = {1},
  pages = {61--86},
  address = {Legon},
  owner = {Birgit},
  timestamp = {2016.08.23}
}

@INCOLLECTION{hirstdicristo1998,
  author = {Hirst, Daniel and Di Cristo, Albert},
  title = {A survey of intonation systems},
  booktitle = {Intonation Systems: A Survey of Twenty LanguagesPaper presented at
	the 45th Annual Conference on African Linguistics, University of
	Kansas, April 17?19, 2014},
  publisher = {Cambridge University Press},
  year = {1998},
  editor = {Hirst, Daniel and Di Cristo, Albert},
  pages = {1--44},
  address = {New York},
  owner = {Birgit},
  timestamp = {2016.06.14}
}

@ARTICLE{hopperthompson1980,
  author = {Hopper, Paul and Thompson, Sandra},
  title = {Transitivity in grammar and discourse},
  journal = {Language},
  year = {1980},
  volume = {56},
  pages = {251--299},
  owner = {Birgit},
  timestamp = {2016.08.23}
}

@BOOK{horton1949,
  title = {A grammar of Luvale},
  publisher = {Witwatersrand University Press},
  year = {1949},
  author = {Horton, Alonzo E.},
  address = {Johannesburg},
  owner = {Birgit},
  timestamp = {2016.08.10}
}

@INCOLLECTION{hyman2003b,
  author = {Hyman, Larry M.},
  title = {Suffix ordering in {B}antu: A morphocentric approach},
  booktitle = {Yearbook of morphology 2002},
  publisher = {Kluwer},
  year = {2003},
  editor = {Booij, G. and {van Marle}, J.},
  pages = {245--281},
  address = {Dordrecht},
  journal = {Yearbook of morphology 2002},
  owner = {Birgit},
  timestamp = {2016.08.10}
}

@ARTICLE{hyman2003a,
  author = {Hyman, Larry M.},
  title = {Sound change, misanalysis, and analogy in the {B}antu causative},
  journal = {Journal of African Languages and Linguistics},
  year = {2003},
  volume = {24},
  pages = {55--90},
  number = {1},
  owner = {Birgit},
  timestamp = {2016.08.10}
}

@ARTICLE{hyman1998,
  author = {Hyman, Larry M.},
  title = {Positional prominence and the ?prosodic trough? in {Y}aka},
  journal = {Phonology},
  year = {1998},
  volume = {15},
  pages = {41--75},
  owner = {Birgit},
  timestamp = {2016.08.10}
}

@ARTICLE{hyman1995,
  author = {Hyman, Larry M.},
  title = {Minimality and the prosodic morphology of {C}ibemba imbrication},
  journal = {Journal of African Languages and Linguistics},
  year = {1995},
  volume = {16},
  pages = {3--39},
  owner = {Birgit},
  timestamp = {2016.08.10}
}

@ARTICLE{hymanduranti1982,
  author = {Hyman, Larry M. and Duranti, Alessandro},
  title = {On the object relation in {B}antu},
  journal = {Syntax and Semantics},
  year = {1982},
  volume = {15},
  pages = {217--239},
  owner = {Birgit},
  timestamp = {2016.08.28}
}

@UNPUBLISHED{hymaninkelas1999,
  author = {Hyman, Larry M. and Inkelas, Sharon},
  title = {Emergent templates: The unusual case of {T}iene},
  note = {Paper presented at the Hopkins Optimality Workshop / Maryland Mayfest,
	Baltimore},
  year = {1999},
  owner = {Birgit},
  timestamp = {2016.08.10}
}

@INCOLLECTION{hymanmonaka2011,
  author = {Hyman, Larry M. and Monaka, Kemmonye C.},
  title = {Tonal and non-tonal intonation in {S}hekgalagari},
  booktitle = {Prosodic categories: production, perception and comprehension},
  publisher = {Springer Verlag},
  year = {2011},
  editor = {Frota, Sonia and Elordieta, Gorka and Prieto, Pilar},
  pages = {267--290},
  address = {Dordrecht},
  owner = {Birgit},
  timestamp = {2016.06.14}
}

@BOOK{kabore1985,
  title = {Essay d'analyse de la langue m \textupsilon  \textupsilon re (parler
	de {W\`{a}ogdg\`{o})}},
  publisher = {Universit\'{e} de Paris 7, D\'{e}partement de Recherches Linguistiques,
	Laboratoire de Linguistique Formelle},
  year = {1985},
  author = {Kabore, Raphael},
  address = {Paris},
  owner = {Birgit},
  timestamp = {2016.08.28}
}

@BOOK{kambon2012,
  title = {Serial verb nominalization in {Akan}},
  publisher = {University of Ghana},
  year = {2012},
  author = {Kambon, Obadele},
  address = {Legon},
  note = {Doctoral thesis},
  owner = {Birgit},
  timestamp = {2016.08.23}
}

@BOOK{kawasha2003,
  title = {Lunda grammar: A morphosyntactic and semantic Analysis},
  publisher = {University of Oregon},
  year = {2003},
  author = {Kawasha, Boniface},
  address = {Eugene},
  note = {Doctoral dissertation},
  owner = {Birgit},
  timestamp = {2016.08.10}
}

@INCOLLECTION{keenan1976,
  author = {Keenan, Edward L.},
  title = {Towards a universal definition of subject},
  booktitle = {Subject and topic},
  publisher = {Academic Press},
  year = {1976},
  editor = {Li, Charles},
  pages = {303--334},
  address = {New York},
  owner = {Birgit},
  timestamp = {2016.08.23}
}

@BOOK{kemmer1993,
  title = {The middle voice},
  publisher = {John Benjamins},
  year = {1993},
  author = {Kemmer, Suzanne},
  address = {Amsterdam},
  owner = {Birgit},
  timestamp = {2016.08.23}
}

@ARTICLE{kittila2005,
  author = {Kittil\"{a}, Seppo},
  title = {Recipient-prominence vs. beneficiary prominence},
  journal = {Linguistic Typology},
  year = {2005},
  volume = {9},
  pages = {269--297},
  number = {2},
  owner = {Birgit},
  timestamp = {2016.08.28}
}

@BOOK{kouraogo1976,
  title = {Serial verb constructions and some aspects of {Moore} grammar: Towards
	a case grammar solution for serialization},
  publisher = {University of South Florida},
  year = {1976},
  author = {Kouraogo, Pierre},
  address = {Tampa},
  note = {Doctoral dissertation},
  owner = {Birgit},
  timestamp = {2016.08.28}
}

@BOOK{krampah1970,
  title = {Mbofra mfa adwen},
  publisher = {Bureau of Ghana Languages},
  year = {1970},
  author = {Krampah, D. E. K.},
  address = {Accra},
  owner = {Birgit},
  timestamp = {2016.08.23}
}

@BOOK{kula2002,
  title = {The phonology of verbal derivation in {B}emba},
  publisher = {Leiden University},
  year = {2002},
  author = {Kula, Nancy},
  address = {Leiden},
  note = {Doctoral dissertation},
  owner = {Birgit},
  timestamp = {2016.08.10}
}

@BOOK{ladd2008,
  title = {Intonational phonology. 2\textsuperscript{nd} edn.},
  publisher = {Cambridge University Press},
  year = {2008},
  author = {Ladd, D. Robert},
  number = {119},
  series = {Cambridge Studies in Linguistics},
  address = {New York},
  owner = {Birgit},
  timestamp = {2016.06.14}
}

@INCOLLECTION{laddetal1986,
  author = {Ladd, D. Robert and Scherer, Klaus and Silverman, Kim},
  title = {An integrated approach to studying intonation and attitude},
  booktitle = {Intonation in discourse},
  publisher = {Croom Helm},
  year = {1986},
  editor = {Johns-Lewis, Catherine},
  pages = {125--138},
  address = {Breckenham, Kent},
  owner = {Birgit},
  timestamp = {2016.06.14}
}

@ARTICLE{lambrecht2000,
  author = {Lambrecht, Knud},
  title = {When subjects behave like objects},
  journal = {Studies in Language},
  year = {2000},
  volume = {24},
  pages = {611--682},
  owner = {Birgit},
  timestamp = {2016.08.17}
}

@BOOK{lambrecht1994,
  title = {Information structure and sentence form},
  publisher = {Cambridge University Press},
  year = {1994},
  author = {Lambrecht, Knud},
  address = {Cambridge},
  owner = {Birgit},
  timestamp = {2016.08.17}
}

@BOOK{leach2015,
  title = {Makonde narrative discourse},
  publisher = {SIL International},
  year = {2015},
  author = {Leach, Rhoda Martyn},
  number = {29},
  series = {SIL Language and Culture Documentation and Description},
  address = {Dallas},
  owner = {Birgit},
  timestamp = {2016.08.17}
}

@BOOK{lieberman1967,
  title = {Intonation, perception, and language},
  publisher = {MIT Press},
  year = {1967},
  author = {Lieberman, Philip},
  number = {38},
  series = {Research monograph},
  address = {Cambridge, MA},
  owner = {Birgit},
  timestamp = {2016.06.14}
}

@MISC{lomotey2014,
  author = {Lomotey, Charlotte},
  title = {The prosodic realization of focus in {A}wutu: A preliminary analysis},
  howpublished = {Paper presented at the 45th Annual Conference on African Linguistics,
	University of Kansas, April 17?19, 2014},
  year = {2014},
  owner = {Birgit},
  timestamp = {2016.06.14}
}

@ARTICLE{lord1973,
  author = {Lord, Carol},
  title = {Serial verbs in transition},
  journal = {Studies in African Linguistics},
  year = {1973},
  volume = {4},
  pages = {269--296},
  owner = {Birgit},
  timestamp = {2016.08.23}
}

@INCOLLECTION{luksaneeyanawin1998,
  author = {Luksaneeyanawin, Sudaporn},
  title = {Intonation in {T}hai},
  booktitle = {Intonation Systems: A Survey of Twenty LanguagesPaper presented at
	the 45th Annual Conference on African Linguistics, University of
	Kansas, April 17--19, 2014},
  publisher = {Cambridge University Press},
  year = {1998},
  editor = {Hirst, Daniel and Di Cristo, Albert},
  pages = {376--394},
  address = {New York},
  owner = {Birgit},
  timestamp = {2016.06.14}
}

@ARTICLE{lukusa1993,
  author = {Lukusa, Stephen T. C.},
  title = {Imbrication of extensions in {C}iluba},
  journal = {Afrikanistische Arbeitspapiere},
  year = {1993},
  volume = {35},
  pages = {55--75},
  owner = {Birgit},
  timestamp = {2016.08.10}
}

@ARTICLE{luraghi2012,
  author = {Luraghi, Silvia},
  title = {Basic valency orientation and the middle voice in {Hittite}},
  journal = {Studies in Language},
  year = {2012},
  volume = {36},
  pages = {1--32},
  owner = {Birgit},
  timestamp = {2016.08.23}
}

@BOOK{magangaschadeberg1992,
  title = {Kinyamwezi: Grammar, texts, vocabulary},
  publisher = {R\"{u}diger K\"{o}ppe Verlag},
  year = {1992},
  author = {Maganga, Clement and Schadeberg, Thilo C.},
  address = {Cologne},
  owner = {Birgit},
  timestamp = {2016.08.10}
}

@INCOLLECTION{maho2003,
  author = {Maho, Jouni},
  title = {A classification of the {Bantu} languages: An update of {Guthrie?s}
	referential system},
  booktitle = {The {Bantu} languages},
  publisher = {Routledge},
  year = {2003},
  editor = {Nurse, Derek and Philippson, G\'{e}rard},
  pages = {639--651},
  address = {London \& New York},
  owner = {Birgit},
  timestamp = {2016.08.17}
}

@INCOLLECTION{malchukovogawa2011,
  author = {Malchukov, Andrej and Ogawa, Akio},
  title = {Towards a typology of impersonal constructions: A semantic map approach},
  booktitle = {Impersonal constructions: A cross-linguistic perspective},
  publisher = {John Benjamins},
  year = {2011},
  editor = {Malchukov, Andrej and Siewierska, Anna},
  pages = {19--56},
  address = {Amsterdam},
  owner = {Birgit},
  timestamp = {2016.08.23}
}

@ARTICLE{manessy1963,
  author = {Manessy, Gabriel},
  title = {Les particules affirmatives post-verbales dans le groupe volta\"{i}que},
  journal = {Bulletin de l'Institute Fundamental d'Afrique Noire},
  year = {1963},
  volume = {25},
  pages = {108--124},
  number = {1},
  owner = {Birgit},
  timestamp = {2016.08.28}
}

@ARTICLE{martenetal2007,
  author = {Marten, Lutz and Kula, Nancy C. and Thwala, Nhlanhla},
  title = {Parameters of morphosyntactic variation in {Bantu}},
  journal = {Transactions of the Philological Society},
  year = {2007},
  volume = {105},
  pages = {253--338},
  __markedentry = {[Birgit:]},
  owner = {Birgit},
  timestamp = {2016.08.17}
}

@BOOK{martin1936,
  title = {Ekumfi Benada},
  publisher = {Bureau of Ghana Languages},
  year = {1936},
  author = {Martin, Henry James},
  address = {Accra},
  owner = {Birgit},
  timestamp = {2016.08.23}
}

@BOOK{masatu2015,
  title = {{Suba-Simbiti} narrative discourse},
  publisher = {SIL International},
  year = {2015},
  author = {Masatu, Amanda},
  number = {31},
  series = {SIL Language and Culture Documentation and Description},
  address = {Dallas},
  owner = {Birgit},
  timestamp = {2016.08.17}
}

@ARTICLE{maticwedgwood2013,
  author = {Mati\'{c}, Dejan an Wedgwood, Daniel},
  title = {The meanings of focus: The significance of an interpretation-based
	category in cross-linguistic analysis},
  journal = {Journal of Linguistics},
  year = {2013},
  volume = {49},
  pages = {127--163},
  owner = {Birgit},
  timestamp = {2016.08.17}
}

@ARTICLE{mckaytrechsel2008,
  author = {McKay, Carolin J. and Trechsel, Frank R.},
  title = {Symmetrical objects in {Misantla Totonac}},
  journal = {International Journal of American Linguistics},
  year = {2008},
  volume = {74},
  pages = {227--255},
  number = {2},
  owner = {Birgit},
  timestamp = {2016.08.28}
}

@ARTICLE{meeussen1967,
  author = {Meeussen, Achille E.},
  title = {Bantu grammatical reconstructions},
  journal = {Africana Linguistica},
  year = {1967},
  volume = {3},
  pages = {79--121},
  owner = {Birgit},
  timestamp = {2016.08.10}
}

@BOOK{methodist1937,
  title = {Christian As\textopeno r Ndwom (The Fante Hymnbook)},
  publisher = {Methodist Book Depot Ltd},
  year = {1937},
  author = {{Methodist Church Ghana}},
  address = {Cape Coast},
  owner = {Birgit},
  timestamp = {2016.08.23}
}

@ARTICLE{monich2015,
  author = {Monich, Irina},
  title = {Comparative morphological analysis of the perfect form in {Sesotho
	and isiZulu}},
  journal = {Natural Language \& Linguistic Theory},
  year = {2015},
  volume = {33},
  pages = {1271--1291},
  note = {DOI: 10.1007/s11049-014-9280-6},
  owner = {Birgit},
  timestamp = {2016.08.10}
}

@BOOK{mwamzandi2014,
  title = {Swahili word order choices: Insights from information structure},
  publisher = {University of Texas at Arlington},
  year = {2014},
  author = {Mwamzandi, Mohamed Y.},
  address = {Arlington},
  note = {Doctoral dissertation},
  owner = {Birgit},
  timestamp = {2016.08.17}
}

@UNPUBLISHED{narogg2009,
  author = {Narogg, Heiko},
  title = {Synchrony and diachrony in transitivity pairs},
  note = {Paper presented at the 8th Association of Linguistic Typology conference,
	University of California, Berkeley, July 23--26, 2009},
  year = {2009},
  owner = {Birgit},
  timestamp = {2016.08.23}
}

@ARTICLE{nicholsetal2004,
  author = {Nichols, Johanna and Peterson, David and Barnes, Jonathan},
  title = {Transitivizing and detransitivising languages},
  journal = {Linguistic Typology},
  year = {2004},
  volume = {8},
  pages = {149--211},
  owner = {Birgit},
  timestamp = {2016.08.23}
}

@BOOK{nicolle2015a,
  title = {Digo narrative discourse},
  publisher = {SIL International},
  year = {2015},
  author = {Nicolle, Steve},
  number = {26},
  series = {SIL Language and Culture Documentation and Description},
  address = {Dallas},
  owner = {Birgit},
  timestamp = {2016.08.17}
}

@BOOK{nicolle2015b,
  title = {A comparative study of eastern {Bantu} narrative texts},
  publisher = {SIL International},
  year = {2015},
  author = {Nicolle, Steve},
  number = {2015--003},
  series = {SIL Electronic Working Papers},
  address = {Dallas},
  owner = {Birgit},
  timestamp = {2016.08.17}
}

@BOOK{nicolle2013,
  title = {A grammar of {Digo} (a {Bantu} language of {Kenya and Tanzania})},
  publisher = {SIL International},
  year = {2013},
  author = {Nicolle, Steve},
  address = {Dallas},
  owner = {Birgit},
  timestamp = {2016.08.17}
}

@INCOLLECTION{nikiema2003,
  author = {Niki\`{e}ma, Norbert},
  title = {Les constructions \`{a} verbes seriels en moore},
  booktitle = {Studies in the languages of the Volta Basin},
  publisher = {University of Ghana, Department of Linguistics},
  year = {2003},
  editor = {Kropp Dakubu, M. E. and Osam, E. Kweku},
  volume = {1},
  pages = {111--132},
  address = {Legon},
  note = {Proceedings of the Annual Colloquium of the Legon-Trondheim Linguistics
	Project},
  owner = {Birgit},
  timestamp = {2016.08.28}
}

@ARTICLE{nikiema2000,
  author = {Niki\`{e}ma, Norbert},
  title = {Gradin et harmonies vocaliques en moor\'{e}},
  journal = {Afrika und \"{U}bersee},
  year = {2000},
  volume = {83},
  pages = {209--251},
  owner = {Birgit},
  timestamp = {2016.08.28}
}

@BOOK{odom2015,
  title = {Kwaya narrative discourse},
  publisher = {SIL International},
  year = {2015},
  author = {Odom, Shannon Ronit},
  number = {30},
  series = {SIL Language and Culture Documentation and Description},
  address = {Dallas},
  owner = {Birgit},
  timestamp = {2016.08.17}
}

@BOOK{olawsky1999,
  title = {Aspects of Dagbani grammar: With special emphasis on phonology and
	morphology},
  publisher = {LINCOM Europa},
  year = {1999},
  author = {Olawsky, Knut J.},
  address = {Mu\"{u}nchen},
  owner = {Birgit},
  timestamp = {2016.08.28}
}

@INCOLLECTION{osam2008b,
  author = {Osam, E. Kweku},
  title = {{Akan} as an aspectual language},
  booktitle = {Aspect and modality in {Kwa} languages},
  publisher = {John Benjamins},
  year = {2008},
  editor = {Ameka, Felix and Kropp Dakubu, Mary Esther},
  pages = {69--89},
  address = {Amsterdam},
  owner = {Birgit},
  timestamp = {2016.08.23}
}

@INCOLLECTION{osam2002,
  author = {Osam, E. Kweku},
  title = {The ingressive in {Akan}: A re-consideration},
  booktitle = {New directions in {Ghanaian} linguistics},
  publisher = {Black Mask},
  year = {2002},
  editor = {Ameka, Felix and Osam, E. Kweku},
  pages = {113--126},
  address = {Accra},
  owner = {Birgit},
  timestamp = {2016.08.23}
}

@INCOLLECTION{osam1997,
  author = {Osam, E. Kweku},
  title = {Verb serialization and grammatical relations in {Akan}},
  booktitle = {Grammatical relations: A functionalist perspective},
  publisher = {John Benjamins},
  year = {1997},
  editor = {Giv\'{o}n, T.},
  pages = {255--281},
  address = {Amsterdam},
  owner = {Birgit},
  timestamp = {2016.08.23}
}

@INCOLLECTION{osam2014,
  author = {Osam, E. Kweku},
  title = {Descriptive features of serial verb constructions in {Akan}},
  booktitle = {{A Legon reader in Ghanaian linguistics}},
  publisher = {Ayebia Clarke Publishing},
  year = {2014},
  editor = {Yankah, Kwesi and Saah, Kofi K. and Amfo, Nana Aba Appiah},
  pages = {11--23},
  address = {Oxfordshire},
  owner = {Birgit},
  timestamp = {2016.08.23}
}

@ARTICLE{osam2008a,
  author = {Osam, E. Kweku},
  title = {Verbal alternations in {Akan}},
  journal = {Journal of African Languages and Linguistics},
  year = {2008},
  volume = {29},
  pages = {97--118},
  owner = {Birgit},
  timestamp = {2016.08.23}
}

@BOOK{osam2004,
  title = {{The Trondheim Lectures}. An introduction to {Akan}: Its verbal and
	multiverbal systems},
  publisher = {University of Ghana},
  year = {2004},
  author = {Osam, E. Kweku},
  address = {Legon},
  owner = {Birgit},
  timestamp = {2016.08.23}
}

@ARTICLE{osam2000,
  author = {Osam, E. Kweku},
  title = {The status of the indirect object in {Akan}},
  journal = {Journal of Asian and African Studies},
  year = {2000},
  volume = {59},
  pages = {171--177},
  owner = {Birgit},
  timestamp = {2016.08.23}
}

@ARTICLE{osam1996,
  author = {Osam, E. Kweku},
  title = {The object relation in {Akan}},
  journal = {Afrika und \"{U}bersee},
  year = {1996},
  volume = {79},
  pages = {57--83},
  owner = {Birgit},
  timestamp = {2016.08.23}
}

@BOOK{osam1994a,
  title = {Aspects of {Akan} grammar: A functional perspective},
  publisher = {University of Oregon},
  year = {1994},
  author = {Osam, E. Kweku},
  address = {Eugene},
  note = {Doctoral dissertation},
  owner = {Birgit},
  timestamp = {2016.08.23}
}

@ARTICLE{osam1994b,
  author = {Osam, E. Kweku},
  title = {From serial verbs to prepositions and the road between},
  journal = {Sprachtypologie und Universsalienforschung},
  year = {1994},
  volume = {47},
  pages = {16--36},
  owner = {Birgit},
  timestamp = {2016.08.23}
}

@INCOLLECTION{paynepayne1989,
  author = {Payne, Doris L. and Payne, Thomas E.},
  title = {Yagua},
  booktitle = {Handbook of Amazonian languages},
  publisher = {Mouton de Gruyter},
  year = {1989},
  editor = {Derbyshire, Desmond C. and Pullum, Geoffrey K.},
  number = {2},
  pages = {249--474},
  address = {Berlin},
  owner = {Birgit},
  timestamp = {2016.08.28}
}

@BOOK{payne2006,
  title = {Exploring language structure: A student?s guide},
  publisher = {Cambridge University Press},
  year = {2006},
  author = {Payne, Thomas E.},
  address = {Cambridge},
  owner = {Birgit},
  timestamp = {2016.08.26}
}

@BOOK{peterson1971,
  title = {Moor\'{e} structure: A generative analysis of the tonal system and
	aspects of the syntax},
  publisher = {University of California},
  year = {1971},
  author = {Peterson, Thomas H.},
  address = {Los Angeles},
  note = {Doctoral dissertation},
  owner = {Birgit},
  timestamp = {2016.08.28}
}

@UNPUBLISHED{planklahiri2009,
  author = {Plank, Franz and Lahiri, Aditi},
  title = {Macroscopic and microscopic typology: Basic valence orientation},
  note = {Paper presented at the 8th Association of Linguistic Typology conference,
	University of California, Berkeley, July 23--26, 2009},
  year = {2009},
  owner = {Birgit},
  timestamp = {2016.08.26}
}

@BOOK{pylerobinson2015,
  title = {Jita narrative discourse},
  publisher = {SIL International},
  year = {2015},
  author = {Pyle, Allison and Robinson, Holly},
  number = {28},
  series = {SIL Language and Culture Documentation and Description},
  address = {Dallas},
  owner = {Birgit},
  timestamp = {2016.08.17}
}

@ARTICLE{rennison1990,
  author = {Rennison, John},
  title = {On the elements of phonological representation},
  journal = {Folia Linguistica},
  year = {1990},
  volume = {24},
  pages = {175-.244},
  number = {3--4},
  owner = {Birgit},
  timestamp = {2016.08.28}
}

@ARTICLE{riallandrobert2001,
  author = {Rialland, Annie and Robert, St\'{e}phane},
  title = {The intonational pattern of {W}olof},
  journal = {Linguistics},
  year = {2001},
  volume = {39},
  pages = {893--939},
  number = {5},
  owner = {Birgit},
  timestamp = {2016.06.14}
}

@ARTICLE{schachter1974,
  author = {Schachter, Paul},
  title = {A non-transformational account of serial verbs},
  journal = {Studies in African Linguistics},
  year = {1974},
  volume = {5},
  pages = {253--270},
  owner = {Birgit},
  timestamp = {2016.08.26}
}

@ARTICLE{schwarz2009,
  author = {Schwarz, Anne},
  title = {Tonal focus reflections in {B}uli and some {G}ur relatives},
  journal = {Lingua},
  year = {2009},
  volume = {119},
  pages = {950--972},
  owner = {Birgit},
  timestamp = {2016.06.14}
}

@INCOLLECTION{schwarz2007,
  author = {Schwarz, Florian},
  title = {Ex-situ focus in {Kikuyu}},
  booktitle = {Focus strategies in {African} languages: the interaction of focus
	and grammar in {Niger-Congo and Afro-Asiatic}},
  publisher = {Mouton de Gruyter},
  year = {2007},
  editor = {Aboh, Enoch O. andHartmann, Katharina and Zimmermann, Malte},
  pages = {139--160},
  address = {Berlin},
  owner = {Birgit},
  timestamp = {2016.08.17}
}

@ARTICLE{schwarz2003,
  author = {Schwarz, Florian},
  title = {Focus marking in {Kikuyu}},
  journal = {ZAS Papers in Linguistics},
  year = {2003},
  volume = {30},
  pages = {41--118},
  owner = {Birgit},
  timestamp = {2016.08.17}
}

@INCOLLECTION{shaeretal2009,
  author = {Shaer, Benjamin and Cook, Philippa and Frey, Werner and Maienborn,
	Claudia},
  title = {Introduction},
  booktitle = {Dislocated elements in discourse: Syntactic, semantic, and pragmatic
	perspectives},
  publisher = {Routledge},
  year = {2009},
  editor = {Shaer, Benjamin and Cook, Philippa and Frey, Werner and Maienborn,
	Claudia},
  pages = {1--27},
  address = {New York \& London},
  owner = {Birgit},
  timestamp = {2016.08.17}
}

@INCOLLECTION{siewierska2011,
  author = {Siewierska, Anna},
  title = {Overlap and complementarity in reference impersonals: Man-constructions
	vs. third person plural-impersonals in the languages of {Europe}},
  booktitle = {Impersonal constructions: A cross-linguistic perspective},
  publisher = {John Benjamins},
  year = {2011},
  editor = {Malchukov, Andrej and Siewierska, Anna},
  pages = {57--89},
  address = {Amsterdam},
  owner = {Birgit},
  timestamp = {2016.08.26}
}

@ARTICLE{siewierska2008,
  author = {Siewierska, Anna},
  title = {Introduction: Impersonalization: An agent-based vs. a subject-based
	perspective},
  journal = {Transactions of the Philological Society},
  year = {2008},
  volume = {106},
  pages = {115--137},
  owner = {Birgit},
  timestamp = {2016.08.26}
}

@BOOK{stegen2011,
  title = {In quest of a vernacular writing style for the {Rangi of Tanzania}:
	Assumptions, processes, challenges. : . (},
  publisher = {University of Edinburgh},
  year = {2011},
  author = {Stegen, Oliver},
  address = {Edinburgh},
  note = {Doctoral dissertation. \url{http://www.sil.org/resources/archives/42655}},
  owner = {Birgit},
  timestamp = {2016.08.17}
}

@INCOLLECTION{szucs2014,
  author = {Sz\''{u}cs, Peter},
  title = {Information structure and the {English} left periphery},
  booktitle = {Proceedings of the LFG14 conference},
  publisher = {CSLI},
  year = {2014},
  editor = {Butt, Miriam and Holloway King, Tracy},
  pages = {545--565},
  address = {Stanford CA},
  owner = {Birgit},
  timestamp = {2016.08.17}
}

@INCOLLECTION{doetal1998,
  author = {\DH \'{\^{o}} Th\'{\^{e}} D\~{u}ng and Tr\`{\^{a}}n Thi\^{e}n H\uhorn
	ong and Boulakia, George},
  title = {Vietnamese},
  booktitle = {Intonation Systems: A Survey of Twenty Languages},
  publisher = {Cambridge University Press},
  year = {1998},
  editor = {Hirst, Daniel and Di Cristo, Albert},
  pages = {395--416},
  address = {New York},
  owner = {Birgit},
  timestamp = {2016.06.09}
}

@BOOK{vanbezooijen1984,
  title = {Characteristics and recognizability of vocal expressions of emotion},
  publisher = {Foris},
  year = {1984},
  author = {Van Bezooijen, R.},
  address = {Dordrecht},
  owner = {Birgit},
  timestamp = {2016.06.14}
}

@BOOK{vanotterloo2015,
  title = {Fuliiru narrative discourse},
  publisher = {SIL International},
  year = {2015},
  author = {Van Otterloo, Roger},
  number = {32},
  series = {SIL Language and Culture Documentation and Description},
  address = {Dallas},
  owner = {Birgit},
  timestamp = {2016.08.17}
}

@BOOK{vanotterloo2011,
  title = {The {Kifuliiru} language, vol. 2: A descriptive grammar},
  publisher = {SIL International},
  year = {2011},
  author = {Van Otterloo, Roger},
  address = {Dallas},
  owner = {Birgit},
  timestamp = {2016.08.17}
}

@INCOLLECTION{vanderwal2008,
  author = {van der Wal, Jenneke},
  title = {Agreement in thetic {VS sentences in Bantu and Romance}},
  booktitle = {The {Bantu-Romance} connection. A comparative investigation of verbal
	agreement, {DP}s and information structure},
  publisher = {John Benjamins},
  year = {2008},
  editor = {De Cat, Cecile and Demuth, Katherine},
  pages = {323--350},
  address = {Amsterdam/Philadelphia},
  owner = {Birgit},
  timestamp = {2016.08.17}
}

@UNPUBLISHED{vanderwal2014,
  author = {van der Wal, Jenneke},
  title = {Morphological marking of term focus},
  note = {Paper presented at Information Structure in Head-Marking Languages
	workshop, Max Planck Institute Nijmegen, 28-29 March 2014},
  year = {2014},
  owner = {Birgit},
  timestamp = {2016.08.17}
}

@BOOK{vanderwal2009,
  title = {Word order and information structure in {Makhuwa-Enahara}},
  publisher = {LOT (Landelijke Onderzoekschool Taalwetenschap) Publications},
  year = {2009},
  author = {van der Wal, Jenneke},
  address = {Utrecht},
  owner = {Birgit},
  timestamp = {2016.08.17}
}

@UNPUBLISHED{vanderwalbiberauer2014,
  author = {van der Wal, Jenneke and Biberauer, Theresa},
  title = {From macroparameters to nanoparameters: A comparative {Bantu} case
	study},
  note = {Paper presented at ComSyn meetings, Leiden, 5 February 2014},
  year = {2014},
  owner = {Birgit},
  timestamp = {2016.08.17}
}

@UNPUBLISHED{walker2011,
  author = {Walker, John R.},
  title = {Discourse features of {Kabwa} and accompanying texts},
  note = {Unpublished ms.},
  year = {2011},
  owner = {Birgit},
  timestamp = {2016.08.17}
}

@BOOK{white196...,
  title = {A {C}hokwe grammar},
  publisher = {White Fathers and Northern Rhodesia and Nyasaland Publications Bureau},
  year = {196...},
  author = {White, Charles M.N.},
  address = {Lusaka},
  owner = {Birgit},
  timestamp = {2016.08.10}
}

@BOOK{white1949,
  title = {A Short Lwena grammar},
  publisher = {Longmans, Green \& Co},
  year = {1949},
  author = {White, Charles M.N.},
  address = {London, Cape Town and New York},
  owner = {Birgit},
  timestamp = {2016.08.10}
}

@ARTICLE{white1947,
  author = {White, Charles M. N.},
  title = {A comparative survey of the verb forms in four {B}antu languages
	of the west central {B}antu group},
  journal = {African Studies},
  year = {1947},
  volume = {6},
  pages = {1-.20},
  number = {1},
  note = {Johannesburg: Witwatersrand University Press},
  owner = {Birgit},
  timestamp = {2016.08.10}
}

@INCOLLECTION{wright1977,
  author = {Wright, John L.},
  title = {Kaonde: A brief description of the language},
  booktitle = {Language in Zambia: Grammatical sketches},
  publisher = {Institute for African Studies, University of Zambia.},
  year = {1977},
  editor = {Kashoki, Mubanga E. and Mann, Michael},
  pages = {109--150},
  address = {Lusaka},
  owner = {Birgit},
  timestamp = {2016.08.10}
}

@ARTICLE{yoneda2011,
  author = {Yoneda, Nobuko},
  title = {Word order in {Matengo (N13)}: Topicality and informational roles},
  journal = {Lingua},
  year = {2011},
  volume = {121},
  pages = {754--771},
  owner = {Birgit},
  timestamp = {2016.08.17}
}

@INCOLLECTION{yukawa1987,
  author = {Yukawa, Yasutoshi},
  title = {A tonal study of {L}uvale verbs},
  booktitle = {Studies in Zambian languages},
  publisher = {ILCAA},
  year = {1987},
  editor = {Yukawa, Yasutoshi and Hachipola, Simooya Jerome and Kagaya, Ryohei},
  pages = {1--34},
  address = {Tokyo},
  owner = {Birgit},
  timestamp = {2016.08.10}
}

@BOOK{zerbian2006,
  title = {Expression of information structure in {Northern Sotho}},
  publisher = {Humboldt University},
  year = {2006},
  author = {Zerbian, Sabine},
  address = {Berlin},
  note = {Doctoral dissertation},
  owner = {Birgit},
  timestamp = {2016.08.17}
}

@BOOK{bolinger1972,
  title = {Intonation: Selected readings},
  publisher = {Penguin Books},
  year = {1972},
  editor = {Bolinger, Dwight},
  address = {Middlesex},
  owner = {Birgit},
  timestamp = {2016.06.07}
}

@BOOK{comriepolinsky1993,
  title = {Causatives and transitivity},
  publisher = {John Benjamins},
  year = {1993},
  editor = {Comrie, Bernard and Polinsky, Maria},
  address = {Amsterdam},
  owner = {Birgit},
  timestamp = {2016.08.23}
}

@BOOK{dixonaikhenvald2000a,
  title = {Changing valency: Case studies in transitivity},
  publisher = {Cambridge University Press},
  year = {2000},
  editor = {Dixon, R.M.W. and Aikhenvald, Alexandra Y.},
  address = {Cambridge},
  owner = {Birgit},
  timestamp = {2016.08.23}
}

@BOOK{downingriallandforth,
  title = {Intonation in {A}frican languages},
  publisher = {DeGruyter Press},
  year = {Forthcoming},
  editor = {Downing, Laura and Rialland, Annie},
  address = {Berlin},
  owner = {Birgit},
  timestamp = {2016.06.14}
}

@BOOK{hirstdicristo1998a,
  title = {Intonation Systems: A Survey of Twenty Languages},
  publisher = {Cambridge University Press},
  year = {1998},
  editor = {Hirst, Daniel and Di Cristo, Albert},
  address = {New York},
  owner = {Birgit},
  timestamp = {2016.06.14}
}

@BOOK{johnslewis1986,
  title = {Intonation in discourse},
  publisher = {Croom Helm},
  year = {1986},
  editor = {Johns-Lewis, Catherine},
  address = {Breckenham, Kent},
  owner = {Birgit},
  timestamp = {2016.06.14}
}

@BOOK{lewisetal2016,
  title = {Ethnologue: Languages of the World, Nineteenth edition},
  publisher = {SIL International},
  year = {2016},
  editor = {Lewis, M. Paul and Simons, Gary F. and Fennig, Charles D.},
  address = {Dallas, Texas},
  owner = {Birgit},
  timestamp = {2016.08.28}
}

@BOOK{lewisetal2015,
  title = {Ethnologue: Languages of the World. 18th edn.},
  publisher = {SIL International},
  year = {2015},
  editor = {Lewis, M. Paul and Simons, Gary F. and Fennig, Charles D.},
  address = {Dallas, Texas},
  note = {Online version: \url{http://www.ethnologue.com}},
  owner = {Birgit},
  timestamp = {2016.08.17}
}

@BOOK{malchukovcomrieinpress,
  title = {Valency classes in the world's languages},
  publisher = {Walter de Gruyter Mouton},
  year = {In press},
  editor = {Malchukov, Andrej and Comrie, Bernard},
  address = {Berlin},
  owner = {Birgit},
  timestamp = {2016.08.23}
}

@BOOK{malchukovetal2010,
  title = {Studies in ditransitive constructions: A comparative handbook},
  publisher = {Mouton de Gruyter},
  year = {2010},
  editor = {Malchukov, Andrej and Haspelmath, Martin and Comrie, Bernard},
  address = {Berlin},
  owner = {Birgit},
  timestamp = {2016.08.28}
}

