@BOOK{Comrie1981,
  author = {Bernard Comrie},
  year = {1981},
  title = {Language Universals and Linguistic Typology},
  address = {Oxford},
  publisher = {Basil Blackwell} 
}

@BOOK{Chomsky1957,
  author = {Noam Chomsky},
  year = {1957},
  title = {Syntactic structures},
  address = {The Hague},
  publisher = {Mouton} 
}

@book{Besha1989,
	address = {Berlin},
	author = {Ruth Mfumbwa Besha},
	publisher = {Dietrich Reimer},
	title = {A study of tense and aspect in {S}hambala},
	year = {1989}
}


@incollection{Botne1999,
	author = {Robert Botne},
	year = {1999},
	title = {Future and distal \textit{-ka-}'s: {P}roto-{B}antu or nascent form(s)?},
	booktitle = {Bantu historical linguistics: Theoretical and empirical perspectives},
	editor = {Jean-Marie Hombert and Larry M. Hyman},
	pages = {473-515},
	publisher = {CLSI},
	address = {Stanford}
}

@article{Botne2009,
	author = {Robert Botne},
	journal = {Studies in {A}frican Linguistics},
	number = {2},
	pages = {93-112},
	title = {The curious case of auxiliary \textit{-many’a} in {L}witaxo},
	volume = {38},
	year = {2009}
}


@conference{Botne2013,
	author = {Robert Botne},
	note = {Accessed at http://bantu5.sciencesconf.org/conference/bantu5/pages/Bantu5\_WS\_2\_Bantu\_TA\_position\_paper.pdf},
	booktitle = {{B}antu 5 {F}ifth {I}nternational {C}onference on {B}antu {L}anguages},
	title = {On the organizational properties of {B}antu {T/A} systems. {P}osition paper},
	year = {2013}
}

@article{BotneKershner2008,
	author = {Robert Botne and  Tiffany L. Kershner},
	journal = {Cognitive Linguistics},
	pages = {145-218},
	title = {Tense and cognitive space: On the organization of tense/aspect systems in {B}antu languages and beyond},
	volume = {19},
	year = {2008}
}

@misc{Cablend,
	author = {Seth Cable}, 
	year = {nd},
	title = {Remoteness distinctions in the tense-aspect system of {K}ikuyu},
	note = {Downloaded from: http://people.umass.edu/scable/papers/Kikuyu-Paper1.pdf}
}


@article{Cable2013,
	author = {Seth Cable},
	journal = {Natural Language Semantics},
	number = {3},
	pages = {219-276},
	title = {Beyond the past, present, and future: towards the semantics of ‘graded tense’ in {G}ĩkũyũ},
	volume = {21},
	year = {2013}
}



@book{Comrie1985,
	address = {Cambridge},
	author = {Bernard Comrie},
	publisher = {Cambridge University Press},
	title = {Tense},
	year = {1985}
}

@phdthesis{Crane2011,
	school = {University of California, Berkeley},
	author = {Thera Marie Crane},
	type = {Doctoral dissertation},
	title = {Beyond time: Temporal and extra-temporal functions of tense and aspect marking in {T}otela, a {B}antu language of {Z}ambia},
	year = {2011}
}

@article{Dalgish1979,
	author = {Gerard Dalgish},
	journal = {Studies in {A}frican Linguistics},
	number = {1},
	pages = {41-63},
	title = {The syntax and semantics of the morpheme \textit{ni} in {K}ivunju ({C}haga)},
	volume = {10},
	year = {1979}
}

@book{HeineKuteva2004,
	address = {Cambridge},
	author = {Bernd Heine and  Tania Kuteva},
	publisher = {Cambridge University Press},
	title = {World lexicon of grammaticalization},
	year = {2004}
}

@phdthesis{Johnson1977,
	school = {The Ohio State University}, 
	author = {Marion R. Johnson},
	type = {Doctoral dissertation},
	title = {A semantic analysis of {K}ikuyu tense and aspect},
	year = {1977}
}

@book{Leung1991,
	address = {Ithaca},
	author = {Elizabeth Woon-Yi Leung},
	publisher = {Cornell University},
	title = {The tonal phonology of {L}logoori: A study of {L}logoori verbs},
	series = {Working Papers of the Cornell Phonetics Laboratory},
	number = {6},
	year = {1991}
}

@incollection{Mould1981,
	address = {Hamburg},
	author = {Martin Mould},
	booktitle = {Studies in the classification of {E}astern {B}antu languages,},
	editor = {Thomas H. Hinnebusch and Derek Nurse and Martin Mould},
	pages = {181-256},
	publisher = {Helmut Buske Verlag},
	title = {Greater {L}uyia},
	year = {1981}
}

@book{NicholsSsennyonga1976,
	address = {Berkeley},
	author = {Sandra Nichols  and  Joseph Ssennyonga},
	publisher = {University of California Media Center},
	title = {Maragoli},
	year = {1976}
}

@incollection{Nurse2003,
	address = {New York},
	author = {Derek Nurse},
	booktitle = {The {B}antu languages,},
	editor = {Derek Nurse and Gérard Philippson},
	pages = {90-102},
	publisher = {Routledge},
	title = {Aspect and tense in {B}antu languages},
	year = {2003}
}

@article{Nurse2006,
	author = {Derek Nurse},
	journal = {{ZAS} Studies in {A}frican Linguistics},
	pages = {189-207},
	title = {Focus in {B}antu: Verbal morphology and function},
	volume = {43},
	year = {2006}
}

@book{Nurse2008,
	address = {Oxford},
	author = {Derek Nurse},
	publisher = {Oxford University Press},
	title = {Tense and aspect in {B}antu},
	year = {2008}
}

@phdthesis{Ranamane2009,
	author = {Tlhabane David Ranamane},
	school = {University of South Africa},
	type = {Doctoral dissertation},
	title = {Discourse functions of tense and aspect in {S}etswana narrative texts},
	year = {2009}
}

@phdthesis{Sarvasy2014,
	author = {Hannah Sarvasy},
	school = {James Cook University}, 
	type = {Doctoral dissertation},
	title = {A grammar of {N}ungon, a {P}apuan language of {M}orobe {P}rovince, {P}apua {N}ew {G}uinea},
	year = {2014}
}

@incollection{SloetjesWittenberg2008,
	author = {Han Sloetjes and Peter Wittenberg},
	note = {Accessed 10 September 2014 at http://www.lat-mpi.eu/tools/elan/},
	title = {Annotation by category – {ELAN} and {ISO} {DCR}}, 
	booktitle = {Proceedings of the 6th {I}nternational {C}onference on {L}anguage {R}esources and {E}valuation ({LREC} 2008)},
	year = {2008}	
}


@Article{Kiss12,
  Title                    = {Null pronominal objects in {H}ungarian: {A} case of exaptation},
  Author                   = {\'{E}. Kiss, Katalin},
  Journal                  = {Acta Linguistica Hafniensia},
  Year                     = {2012},
  Number                   = {2},
  Pages                    = {192-206},
  Volume                   = {44},

  Owner                    = {Ato},
  Timestamp                = {2016.03.15}
}

@PhdThesis{Abney87,
  Title                    = {The English noun phrase in its sentential aspect},
  Author                   = {Abney, Steve P.},
  School                   = {MIT},
  Year                     = {1987},

  Owner                    = {Ato},
  Timestamp                = {2016.03.05}
}

@InCollection{Aboh10,
  Title                    = {The morphosyntax of the noun phrase.},
  Author                   = {Aboh, Enoch Olade},
  Booktitle                = {Topics in Kwa syntax},
  Publisher                = {Springer},
  Year                     = {2010},

  Address                  = {London},
  Editor                   = {Essegbey, James and Aboh, Enoch Olade},
  Pages                    = {11-37},

  Owner                    = {Ato},
  Timestamp                = {2015.01.05}
}

@Article{Aboh15,
  Title                    = {Functional verbs in {G}ungbe: {T}he case of inherent complement verbs},
  Author                   = {Aboh, Enoch Olade},
  Journal                  = {Linguistic{\'{a}}},
  Year                     = {2015},
  Pages                    = {9-29},
  Volume                   = {10},

  Owner                    = {Ato},
  Timestamp                = {2016.03.23}
}

@Book{Aboh04,
  Title                    = {The morphosyntax of {C}omplement-{H}ead sequences i: {C}lause structure and word order patterns in {K}wa},
  Author                   = {Aboh, Enoch Olade},
  Publisher                = {Oxford University Press},
  Year                     = {2004},

  Owner                    = {Ato},
  Timestamp                = {2015.10.28}
}

@Article{AbohnD09,
  Title                    = {Predicate doubling and parallel chains},
  Author                   = {Aboh, Eoch Olade and Dyakonova, M.},
  Journal                  = {Lingua},
  Year                     = {2009},
  Pages                    = {1035--1065},
  Volume                   = {119},

  Owner                    = {Ato},
  Timestamp                = {2015.10.31}
}

@InCollection{AbohnEssegbey10,
  Title                    = {General properties of the clause},
  Author                   = {Aboh, Enoch Olade and Essegbey, James},
  Booktitle                = {Topics in {Kwa} syntax},
  Publisher                = {Springer},
  Year                     = {2010},

  Address                  = {London},
  Editor                   = {Aboh, Enoch Olade and Essegbey, James},
  Pages                    = {39-64},
  Series                   = {Studies in Natural Language and Linguistic Theory},
  Volume                   = {78},

  Owner                    = {Ato},
  Timestamp                = {2015.10.28}
}

@Book{Acquaviva97,
  Title                    = {The logical form of negation: A study of operator-variable
structures in syntax.},
  Author                   = {Acquaviva, Paolo},
  Publisher                = {Garland},
  Year                     = {1997},

  Address                  = {New York},
  Series                   = {Garland outstanding dissertations in linguistics},

  Owner                    = {Ato},
  Timestamp                = {2015.09.30}
}

@InCollection{Adesola10,
  Title                    = {The non-agreeing subject resumptive pronoun in {Y}oruba},
  Author                   = {Adesola, Oluyese},
  Booktitle                = {Topics in {K}wa {S}yntax},
  Publisher                = {Springer},
  Year                     = {2010},

  Address                  = {London},
  Editor                   = {Aboh, Enoch O. and Essegbey, James},
  Pages                    = {65-89},
  Series                   = {Studies in Natural Language and Linguistic Theory},
  Volume                   = {78},

  Owner                    = {Ato},
  Timestamp                = {2015.03.01}
}

@InProceedings{AnR06,
  Title                    = {Dialect variation in Gaelic relative clauses},
  Author                   = {Adger, David and Ramchand, Gillian},
  Booktitle                = {Rannsachadh na {G}\lw aidhlig},
  Year                     = {2006},
  Editor                   = {McLeod, W.},
  Publisher                = {Dunedin Academic Press},

  Owner                    = {Ato},
  Timestamp                = {2015.03.16}
}

@Article{Agyekum06,
  Title                    = {The sociolinguistic of {A}kan personal names},
  Author                   = {Agyekum, Kofi},
  Journal                  = {Nordic Journal of African Studies},
  Year                     = {2006},
  Number                   = {2},
  Pages                    = {206-235},
  Volume                   = {15},

  Owner                    = {Ato},
  Timestamp                = {2015.07.04}
}

@Article{Aissen03,
  Title                    = {Differential {O}bject {M}arking: {I}conicity vs. {E}conomy},
  Author                   = {Aissen, Judith},
  Journal                  = {Natural Language and Linguistic Theory},
  Year                     = {2003},
  Pages                    = {435-483},
  Volume                   = {21},

  Owner                    = {Ato},
  Timestamp                = {2016.03.14}
}

@Book{Alexiadou10,
  Title                    = {The syntax of nominalizations across languages and frameworks},
  Author                   = {Alexiadou, Artemis},
  Editor                   = {Alexiadou, Artemis and Rathert, Monika},
  Publisher                = {De Gruyter Mouton},
  Year                     = {2010},

  Address                  = {Berlin},
  Number                   = {23},
  Series                   = {Interface explorations},

  Owner                    = {Ato},
  Timestamp                = {2015.10.29}
}

@InCollection{DakubunAmeka08,
  Title                    = {Imperfective constructions: {P}rogressive and prospective in {E}we and {D}angme},
  Author                   = {Ameka, Felix K. and Kropp Dakubu, Mary Esther},
  Booktitle                = {Aspects and modality in Kwa languages},
  Publisher                = {John Benjamins},
  Year                     = {2008},

  Address                  = {Amsterdam},
  Editor                   = {Ameka, Felix K. and Kropp Dakubu, Mary Esther},
  Pages                    = {215-289},
  Series                   = {Studies in Language Companion Series},
  Volume                   = {100},

  Owner                    = {Ato},
  Timestamp                = {2015.11.26}
}

@Article{Anyanwu12,
  Title                    = {The syntax and semantics of inherent complement verbs in Igbo},
  Author                   = {Anyanwu, O.},
  Journal                  = {Theory and Practice in Language Studies},
  Year                     = {2012},
  Number                   = {2},
  Pages                    = {1561--1569},
  Volume                   = {8},

  Owner                    = {Ato},
  Timestamp                = {2014.10.09}
}

@InCollection{Authier89,
  Title                    = {Arbitrary null objects and unselective binding},
  Author                   = {Authier, J.-Marc P.},
  Booktitle                = {The null subject parameter},
  Publisher                = {Kluwer Academic Publishers},
  Year                     = {1989},

  Address                  = {Dordrecht},
  Editor                   = {Jaeggli, Osvaldo and Safir, Kenneth J.},
  Pages                    = {45-68},

  Owner                    = {Ato},
  Timestamp                = {2016.03.14}
}

@Article{Authier88,
  Title                    = {Null object constructions in Kinande},
  Author                   = {Authier, J.-Marc P.},
  Journal                  = {Natural and Language and Linguistics Thoery},
  Year                     = {1988},
  Pages                    = {19-36},
  Volume                   = {6},

  Owner                    = {Ato},
  Timestamp                = {2016.04.24}
}

@PhdThesis{Avolonto95,
  Title                    = {Pour une approche minimaliste des verbes \`{a} objets inh\'{e}rent en f\textopeno ngbe},
  Author                   = {Avolonto, A.},
  School                   = {Universit\'{e} du Quebec \`{a} Montreal},
  Year                     = {1995},

  Owner                    = {Ato},
  Timestamp                = {2014.10.11}
}

@PhdThesis{Barany15,
  Title                    = {Differential object marking in {H}ungarian and the morphosyntax of case and agreement},
  Author                   = {Andr{\'a}s B{\'a}r{\'a}ny},
  School                   = {University of Cambridge},
  Year                     = {2015},

  Owner                    = {Ato},
  Timestamp                = {2016.03.14}
}

@InCollection{Bejar08,
  Title                    = {Conditions on {P}hi-{A}gree},
  Author                   = {B{\'e}jar, Susanna},
  Booktitle                = {Phi-theory: phi-features across modules and interfaces},
  Year                     = {2008},
  Editor                   = {Harbour, Daniel and Adger, David and B{\'e}jar, Susanna},
  Pages                    = {130-154},

  Owner                    = {Ato},
  Timestamp                = {2015.05.05}
}

@Article{Baker89,
  Title                    = {Object sharing and {S}erial {V}erb {C}onstructions},
  Author                   = {Baker, Mark},
  Journal                  = {Linguistic Inquiry},
  Year                     = {1989},
  Pages                    = {513-553},
  Volume                   = {4},

  Owner                    = {Ato},
  Timestamp                = {2016.03.14}
}

@Book{Baker88,
  Title                    = {Incorporation: A theory of grammatical function changing},
  Author                   = {Baker, Mark},
  Publisher                = {University of Chicago Press},
  Year                     = {1988},

  Owner                    = {Ato},
  Timestamp                = {2014.10.10}
}

@Article{BakernCollins06,
  Title                    = {Linkers and the internal structure of \textit{v}{P}},
  Author                   = {Baker, Mark C. and Collins, Ch},
  Journal                  = {Natural Language and Linguistic Theory},
  Year                     = {2006},
  Pages                    = {307-354},
  Volume                   = {24},

  Owner                    = {Ato},
  Timestamp                = {2016.03.16}
}

@InCollection{BalusunJayaseelan13,
  Title                    = {Quantification by reduplication in Dravidian},
  Author                   = {Balusu, Rahul and Jayaseelan, K. A.},
  Booktitle                = {Strategies of quantification},
  Publisher                = {Oxford University Press},
  Year                     = {2013},
  Editor                   = {Kook-Hee, Gil and Harlow, Steve and Tsoulas, George},

  Owner                    = {Ato},
  Timestamp                = {2015.09.30}
}

@Electronic{Barbosa09,
  Title                    = {A case for an {A}gree-based theory of control},
  Author                   = {Barbosa, Pilar P.},
  HowPublished             = {Lingbuzz: http://lingbuzz.auf.net.},
  Year                     = {2009},

  Owner                    = {Ato},
  Timestamp                = {2015.07.05}
}

@InCollection{BarnickelnHein16,
  Title                    = {Replication of {R}-pronouns in {G}erman dialects},
  Author                   = {Barnickel, Katja and Hein, Joh},
  Booktitle                = {Replicative Processes in Grammar},
  Publisher                = {Instit\"ut f\"ur Linguistik, Uinversit\"at Leipzig},
  Year                     = {2016},

  Address                  = {Insitut f{\"u}r Linguistik, Universit{\"a}t Leipzig},
  Editor                   = {Barnickel, K and Guzm{\'a}n Naranjo, M. and Hein, J. and Korsah, S. and Murphy, A. and Paschen, L. and P{\v{u}}skar, Z. and Zaleska, J.},
  Pages                    = {189-214},
  Series                   = {Linguistische Arbeits Berichte},
  Volume                   = {93},

  Owner                    = {Ato},
  Timestamp                = {2015.03.01}
}

@PhdThesis{Beckmann98,
  Title                    = {Positional faithfulness},
  Author                   = {Beckmann, Jill},
  School                   = {University of Massachusetts at Amherst},
  Year                     = {1998},

  Owner                    = {Ato},
  Timestamp                = {2015.04.30}
}

@Article{Bentzen14,
  Title                    = {Object shift},
  Author                   = {Bentzen, Kristine},
  Journal                  = {Nordic Atlas of Language Structures (NALS) Journal},
  Year                     = {2014},
  Pages                    = {332-343},
  Volume                   = {1},

  Owner                    = {Ato},
  Timestamp                = {2015.11.26}
}

@Article{Berko58,
  Title                    = {The child's learning of {E}nglsh morphology},
  Author                   = {Berko, Jean},
  Journal                  = {Word},
  Year                     = {1958},
  Pages                    = {150-177},
  Volume                   = {14},

  Owner                    = {Ato},
  Timestamp                = {2015.05.13}
}

@InProceedings{BhattnSchwarz06,
  Title                    = {Light Negation and polarity},
  Author                   = {Bhatt, Rajesh and Schwarz, Bernhard},
  Booktitle                = {Proceedings of Georgetown Conference on Negation},
  Year                     = {2006},

  Owner                    = {Ato},
  Timestamp                = {2015.09.30}
}

@InCollection{Bib08,
  Title                    = {Doubling vs. omission: Insights from {A}frikaans
negation},
  Author                   = {Biberauer, Theresa},
  Booktitle                = {The limits of syntactic variation},
  Publisher                = {John Benjamins},
  Year                     = {2008},

  Address                  = {Amsterdam/Philadelphia},
  Editor                   = {Barbiers and Koeneman and Lekakou and van der Ham},
  Number                   = {132},
  Series                   = {Linguistics Today},

  Owner                    = {Ato},
  Timestamp                = {2016.03.20}
}

@Article{Biloa90,
  Title                    = {Resumptive pronouns in Tuki},
  Author                   = {Biloa, Edmund},
  Journal                  = {Studies in African Linguistics},
  Year                     = {1990},
  Number                   = {2},
  Pages                    = {211-236},
  Volume                   = {21},

  Owner                    = {Ato},
  Timestamp                = {2015.02.28}
}

@PhdThesis{Blanchette15,
  Title                    = {English negative concord, negative Polarity items, and double negation},
  Author                   = {Blanchette, Frances},
  School                   = {The City University of New York},
  Year                     = {2015},

  Owner                    = {Ato},
  Timestamp                = {2016.03.20}
}

@Article{Boadi76,
  Title                    = {A note on the historical antecedents of the obligatory pronoun-3-deletion rule in the Akan dialects},
  Author                   = {Boadi, Lawrence A.},
  Journal                  = {Acta Linguistica Hafniensa},
  Year                     = {1976},
  Number                   = {1},
  Pages                    = {1-10},
  Volume                   = {16},

  Owner                    = {Ato},
  Timestamp                = {2015.07.27}
}

@Article{Bossong83,
  Title                    = {Animacy and markedness in {U}niversal Grammar},
  Author                   = {Bossong, Georg},
  Journal                  = {Glossologia},
  Year                     = {1983-1984},
  Number                   = {2-3},
  Pages                    = {7-20},
  Volume                   = {39},

  Owner                    = {Ato},
  Timestamp                = {2016.03.14}
}

@Book{Brown13,
  Title                    = {Mfantsi grammar},
  Author                   = {Brown, J. P.},
  Publisher                = {A. Brown and Sons},
  Year                     = {1913},

  Address                  = {Hull},

  Owner                    = {Ato},
  Timestamp                = {2016.03.16}
}

@InCollection{Butt10,
  Title                    = {The light verb jungle: Still hacking away},
  Author                   = {Butt, Mirriam},
  Booktitle                = {Complex predicates: Cross-linguistic perpectives on event structure},
  Publisher                = {Cambridge University Press},
  Year                     = {2010},
  Editor                   = {Amberber, M. and Baker, B. and Harvey, M.},
  Pages                    = {48--78},

  Owner                    = {Ato},
  Timestamp                = {2014.10.10}
}

@Book{Butt95,
  Title                    = {The Structure of Complex Predicates in Urdu},
  Author                   = {Butt, Miriam},
  Publisher                = {CSLI Publications},
  Year                     = {1995},

  Address                  = {Cambridge},

  Owner                    = {Ato},
  Timestamp                = {2014.10.11}
}

@Unpublished{Cable09,
  Title                    = {Some grammatical notes on Dholuo: A review of what we've seen so far},
  Author                   = {Cable, Seth},
  Note                     = {Field Methods lesson notes},

  Month                    = {Spring},
  Year                     = {2009},

  Owner                    = {Ato},
  Timestamp                = {2015.09.30}
}

@InCollection{ChengnDowning14,
  Title                    = {The problms of adverbs in Zulu},
  Author                   = {Cheng, Lisa L.-S. and Downing, Laura J.},
  Booktitle                = {Above and beyond the segments: {E}xperimental linguistics and phonetics},
  Publisher                = {John Benjamins},
  Year                     = {2104},

  Address                  = {Amsterdam},
  Editor                   = {Caspers, Johanneke and Chen, Yiya and Heeren, Willemijn and Pacilly, Jos and Schiller , Niels O. and van Zanten, Ellen},
  Pages                    = {42-59},

  Owner                    = {Ato},
  Timestamp                = {2016.04.22}
}

@Article{Chinebuah76,
  Title                    = {Pronominalization in some {K}wa languages},
  Author                   = {Chinebuah, Isaac K.},
  Journal                  = {Journal of West African Languages},
  Year                     = {1976},
  Number                   = {1-2},
  Pages                    = {57-72},
  Volume                   = {11},

  Owner                    = {Ato},
  Timestamp                = {2015.03.15}
}

@InCollection{Chomsky77,
  Title                    = {On wh-movement},
  Author                   = {Chomsky, Noam},
  Booktitle                = {Formal Syntax},
  Publisher                = {Academic},
  Year                     = {1977},

  Address                  = {New York},
  Editor                   = {Culicover, Peter and  Wasow, Thomas  and Akmajian, Adrian},
  Pages                    = {71- 132},

  Owner                    = {Ato},
  Timestamp                = {2016.02.16}
}

@InCollection{Chomsky08,
  Title                    = {On phase},
  Author                   = {Chomsky, Noam},
  Booktitle                = {Foundation issues in linguistic theory},
  Publisher                = {MIT Press},
  Year                     = {2008},

  Address                  = {Cambridge, Mass.},
  Editor                   = {Freidin, Robert and Otero, Carlos P and Zubizarreta, Maria-Luisa},
  Pages                    = {133-166},

  Owner                    = {Ato},
  Timestamp                = {2015.06.17}
}

@InCollection{Chomsky01,
  Title                    = {Derivation by phase},
  Author                   = {Chomsky, Noam},
  Booktitle                = {Ken Hale: A life in language},
  Publisher                = {MIT Press},
  Year                     = {2001},
  Editor                   = {Kenstowicz, Michael},

  Owner                    = {Ato},
  Timestamp                = {2015.03.01}
}

@InCollection{Chomsky73,
  Title                    = {Conditions on transformations.},
  Author                   = {Chomsky, Noam},
  Booktitle                = {A festschrift for {M}orris {H}alle.},
  Publisher                = {Holt, Rinehart and Winston},
  Year                     = {1973},

  Address                  = {New York},
  Editor                   = {Kiparsky, Paul and Anderson, S.},
  Pages                    = {232-286},

  Owner                    = {Ato},
  Timestamp                = {2015.06.17}
}

@Article{Chomsky13,
  Title                    = {Problems of projection},
  Author                   = {Chomsky, Noam},
  Journal                  = {Lingua},
  Year                     = {2013},
  Pages                    = {160-209},
  Volume                   = {29},

  Owner                    = {Ato},
  Timestamp                = {2015.01.05}
}

@Book{Chomsky95,
  Title                    = {The {M}inimalist {P}rogram},
  Author                   = {Chomsky, Noam},
  Publisher                = {MIT Press},
  Year                     = {1995},

  Owner                    = {Ato},
  Timestamp                = {2015.03.15}
}

@Book{Chomsky86,
  Title                    = {Barriers},
  Author                   = {Chomsky, Noam},
  Publisher                = {MIT Press},
  Year                     = {1986},

  Address                  = {Cambridge, Mass.},

  Owner                    = {Ato},
  Timestamp                = {2015.07.06}
}

@Book{Chomsky86a,
  Title                    = {Knowledge of language: Its nature, origin and use},
  Author                   = {Chomsky, Noam},
  Publisher                = {Praeger},
  Year                     = {1986},

  Owner                    = {Ato},
  Timestamp                = {2014.10.10}
}

@Book{Chomsky81,
  Title                    = {Lectures on {G}overnment and {B}inding},
  Author                   = {Chomsky, Noam},
  Publisher                = {Foris},
  Year                     = {1981},

  Address                  = {Dordrecht},

  Owner                    = {Ato},
  Timestamp                = {2015.03.01}
}

@Book{Christaller1875,
  Title                    = {A grammar of the {A}sante and {F}ante language called {T}shi {[}{C}hwee, {T}wi{]}},
  Author                   = {Christaller, J. G.},
  Publisher                = {Gregg Press},
  Year                     = {1875[Reprinted in 1964]},

  Address                  = {New Jersey},

  Owner                    = {Ato},
  Timestamp                = {2016.03.16}
}

@Book{Cinque99,
  Title                    = {Adverbs and functional heads: {A} cross-linguistic perspective},
  Author                   = {Cinque, Guglielmo},
  Publisher                = {Oxford University Press},
  Year                     = {1999},

  Address                  = {New York, Oxford},
  Series                   = {Oxford Studies in Comparative Syntax},

  Owner                    = {Ato},
  Timestamp                = {2016.03.31}
}

@Article{Cole87,
  Title                    = {Null objects in {U}niversal {G}rammar},
  Author                   = {Cole, Peter},
  Journal                  = {Linguistic Inquiry},
  Year                     = {1987},
  Number                   = {4},
  Pages                    = {597-612},
  Volume                   = {18},

  Owner                    = {Ato},
  Timestamp                = {2016.03.14}
}

@InCollection{Collins08,
  Title                    = {Home sweet home},
  Author                   = {Collins, Chris},
  Booktitle                = {Papers in {S}yntax},
  Year                     = {2008},
  Editor                   = {Levinson, Lisa and Savescu-Ciucivara, Oana},
  Series                   = {NYU Working {P}apers in {L}inguistics},
  Volume                   = {1},

  Owner                    = {Ato},
  Timestamp                = {2015.11.26}
}

@Article{Collins97,
  Title                    = {Argument sharing in serial verb constructions},
  Author                   = {Collins, Chris},
  Journal                  = {Linguistic Inquiry},
  Year                     = {1997},
  Number                   = {3},
  Pages                    = {461-497},
  Volume                   = {28},

  Owner                    = {Ato},
  Timestamp                = {2016.04.25}
}

@Unpublished{Collins94,
  Title                    = {The factive construction in {K}wa},
  Author                   = {Collins, Chris},
  Year                     = {1994},

  Owner                    = {Ato},
  Timestamp                = {2015.01.05}
}

@Book{CollinsnPostal14,
  Title                    = {Classical NEG raising},
  Author                   = {Collins, Chris and Postal, Paul M.},
  Publisher                = {MIT Press},
  Year                     = {2014},

  Address                  = {Cambridge, MA},
  Number                   = {47},

  Owner                    = {Ato},
  Timestamp                = {2015.09.20}
}

@Article{Collinsnco15,
  Title                    = {Negative polarity items in {E}we},
  Author                   = {Collins, Chris and Postal, Paul M. and Yevudey, Elvis},
  Journal                  = {Journal of Linguisitcs},
  Year                     = {to appear},

  Owner                    = {Ato},
  Timestamp                = {2016.03.20}
}

@Article{CollinsnThrainsson96,
  Title                    = {V{P}-internal structure and object
shift in {I}celandic},
  Author                   = {Collins, Chris and Thr{\h a}insson, H\"oskuldur},
  Journal                  = {Linguistic Inquiries},
  Year                     = {1996},
  Pages                    = {391-444},
  Volume                   = {27},

  Owner                    = {Ato},
  Timestamp                = {2016.04.25}
}

@PhdThesis{Collins93,
  Title                    = {Topics in {E}we syntax},
  Author                   = {Collins, Christopher Thad},
  School                   = {MIT},
  Year                     = {1993},

  Owner                    = {Ato},
  Timestamp                = {2015.10.28}
}

@InCollection{Dakubu86,
  Title                    = {Downglide, floating tones and non-WH question in Ga and Dangme.},
  Author                   = {Dakubu, Mary Esther Kropp},
  Booktitle                = {The phonological representation suprasegmentals},
  Publisher                = {Foris Publication},
  Year                     = {1986},
  Editor                   = {Bogers, Koen and van der Hulst, Harry and Mous, Maarten},

  Owner                    = {Ato},
  Timestamp                = {2015.04.24}
}

@Book{denDikken06b,
  Title                    = {Relators and {L}inkers: {T}he syntax of predication, predicate inversion, and copulas},
  Author                   = {den Dikken Marcel},
  Publisher                = {MIT Press},
  Year                     = {2006},

  Address                  = {Cambridge, MA.},
  Number                   = {47},
  Series                   = {Linguistic Inquiry Monograph},

  Owner                    = {Ato},
  Timestamp                = {2016.04.04}
}

@InCollection{denDikken06a,
  Title                    = {Parasitism, secondary triggering and depth of embedding},
  Author                   = {den Dikken, Marcel},
  Booktitle                = {Crosslinguistic research in syntax and semantics: Negation, tense, and clausal
architecture},
  Publisher                = {Georgetown University Press},
  Year                     = {2006},

  Address                  = {Washington, DC},
  Editor                   = {Zanuttini, R. and Campos, H. and Herburger, E. and Portner , P.},
  Pages                    = {151-174},

  Owner                    = {Ato},
  Timestamp                = {2016.03.05}
}

@PhdThesis{Duah13,
  Title                    = {Force dynamics in Akan},
  Author                   = {Duah, Reginald A.},
  School                   = {University of Ghana, Legon},
  Year                     = {2013},

  Owner                    = {Ato},
  Timestamp                = {2015.03.16}
}

@Article{Erteschiketal13,
  Title                    = {Missing objects as {T}opic {D}rop},
  Author                   = {Erteschik-Shir, Nomi and Ibnbari, Lena and Taube, Sharon},
  Journal                  = {Lingua},
  Year                     = {2013},
  Pages                    = {145-169},
  Volume                   = {136},

  Owner                    = {Ato},
  Timestamp                = {2016.03.14}
}

@InCollection{Essegbey02,
  Title                    = {The syntax of inherent complement verbs in Ewe.},
  Author                   = {Essegbey, J.},
  Booktitle                = {New directions in Ghanaian linguistics},
  Publisher                = {Black Mask},
  Year                     = {2002},

  Address                  = {Accra},
  Editor                   = {Osam, E. K. and Ameka, F.},
  Pages                    = {55-84},

  Owner                    = {Ato},
  Timestamp                = {2014.10.10}
}

@Book{Essegbey99,
  Title                    = {Inherent complement verbs revisited: Towards an understanding of argument 
structure constructions in Ewe.},
  Author                   = {Essegbey, J.},
  Publisher                = {MPI Dissertation series 10},
  Year                     = {1999},

  Owner                    = {Ato},
  Timestamp                = {2014.10.10}
}

@Article{FnL11,
  Title                    = {Left peripheral focus: Mismatches between syntax and information structure},
  Author                   = {Fanselow, G. and Lenertova},
  Journal                  = {Natural language and linguistic theory},
  Year                     = {2011},
  Pages                    = {1035-1065},
  Volume                   = {119},

  Owner                    = {Ato},
  Timestamp                = {2015.01.05}
}

@Book{Farkas03,
  Title                    = {The semantics of Incorporation: From argument structure to discourse transparency},
  Author                   = {Farkas, D. F. and de Swart, H.},
  Publisher                = {CSLI Publications},
  Year                     = {2003},

  Owner                    = {Ato},
  Timestamp                = {2014.10.15}
}

@Article{Farrell90,
  Title                    = {Nul objects in Brazilian Portuguese},
  Author                   = {Farrell, Patrick},
  Journal                  = {Natural Language and Linguistic Theory},
  Year                     = {1990},
  Pages                    = {325-346},
  Volume                   = {8},

  Owner                    = {Ato},
  Timestamp                = {2016.03.14}
}

@Article{Folli05,
  Title                    = {Determinants of event type in Persian complex predicates},
  Author                   = {Folli, Raffaella. and Harley, Heidi. and Karimi, Simin},
  Journal                  = {Lingua},
  Year                     = {2005},
  Pages                    = {1365-1401},
  Volume                   = {115},

  Owner                    = {Ato},
  Timestamp                = {2014.10.10}
}

@Book{Frampton09,
  Title                    = {Distibuted reduplication},
  Author                   = {Frampton, John},
  Publisher                = {MIT Press},
  Year                     = {2009},

  Address                  = {Cambridge},

  Owner                    = {Ato},
  Timestamp                = {2015.09.21}
}

@Unpublished{Gundogdu14,
  Title                    = {Noun-verb complex predicates in Kurmanji: A syntacti account},
  Author                   = {G\"undo\v{g}du, Song\"ul},
  Note                     = {A paper presented at ConSOLE XXXIII, Paris},

  Month                    = {January},
  Year                     = {2014},

  Owner                    = {Ato},
  Timestamp                = {2015.10.27}
}

@InCollection{Gerderen13,
  Title                    = {The diachrony of pronouns and demonstratives},
  Author                   = {Gelderen, Elly van},
  Booktitle                = {In search of {U}niversal {G}rammar: {F}rom {O}ld {N}orse to {Z}oque},
  Publisher                = {Benjamins},
  Year                     = {2013},
  Editor                   = {Lohndal, Terje},
  Pages                    = {195-218},

  Owner                    = {Ato},
  Timestamp                = {2015.03.16}
}

@PhdThesis{Georgi14,
  Title                    = {Opaque Interactions of {M}erge and {A}gree. {O}n the Nature and Order of Elementary
Operations},
  Author                   = {Georgi, Doreen},
  School                   = {Universit\"at Leipzig},
  Year                     = {2014},

  Owner                    = {Ato},
  Timestamp                = {2015.03.15}
}

@InCollection{Gian06,
  Title                    = {N-words and negative concord},
  Author                   = {Giannakidou, Anastasia},
  Booktitle                = {Blackwell Companion to Syntax},
  Publisher                = {Blackwell},
  Year                     = {2006},

  Address                  = {London},
  Editor                   = {Everaert , M. and van Riemsdijk, H},
  Pages                    = {327-391},
  Volume                   = {3},

  Owner                    = {Ato},
  Timestamp                = {2016.02.20}
}

@InCollection{Gian11,
  Title                    = {Positive polarity items and negative polarity items: variation, licensing,
and compositionality},
  Author                   = {Giannakidou, Anastasia},
  Booktitle                = {An International Handbook of Natural Language Meaning},
  Publisher                = {Mouton de Gruyter},
  Year                     = {2011},

  Address                  = {Berlin},
  Edition                  = {2nd},
  Editor                   = {von Heusinger, K. and Maienborn , C. and Portner, P.},
  Pages                    = {1660-1712},

  Owner                    = {Ato},
  Timestamp                = {2016.02.20}
}

@Article{Gian07,
  Title                    = {The landscape of {E}{V}{E}{N}},
  Author                   = {Giannakidou, Anastasia},
  Journal                  = {Natural Language and Linguistic Theory},
  Year                     = {2007},
  Pages                    = {39-81},
  Volume                   = {25},

  Owner                    = {Ato},
  Timestamp                = {2016.02.20}
}

@Article{Gian01,
  Title                    = {The meaning of free choice},
  Author                   = {Giannakidou, Anastasia},
  Journal                  = {Linguistics and Philosophy},
  Year                     = {2001},
  Pages                    = {659-735},
  Volume                   = {24},

  Owner                    = {Ato},
  Timestamp                = {2016.02.20}
}

@Article{Gian00,
  Title                    = {Negative...concord?},
  Author                   = {Giannakidou, Anastasia},
  Journal                  = {Natural Language and Linguistic Theory},
  Year                     = {2000},
  Pages                    = {457-523},
  Volume                   = {18},

  Owner                    = {Ato},
  Timestamp                = {2016.02.20}
}

@Book{Gian98,
  Title                    = {Polarity Sensitivity as {(Non)}veridical {D}ependency},
  Author                   = {Giannakidou, Anastasia},
  Publisher                = {John Benjamins},
  Year                     = {1998},

  Address                  = {Amsterdam},

  Owner                    = {Ato},
  Timestamp                = {2016.02.20}
}

@Article{GiannChen06,
  Title                    = {(In)definiteness, polarity, and the role of
wh-morphology in free choice},
  Author                   = {Giannakidou, Anastasia and Cheng, Lisa},
  Journal                  = {Journal of Semantics},
  Year                     = {2006},
  Pages                    = {135-83},
  Volume                   = {23},

  Owner                    = {Ato},
  Timestamp                = {2016.02.20}
}

@Article{Goldsmith1976,
  Title                    = {An overview of autosegmental phonology},
  Author                   = {Goldsmith, J.},
  Journal                  = {Linguistic Analysis},
  Year                     = {1976},
  Number                   = {1},
  Pages                    = {23-68},
  Volume                   = {2},

  Owner                    = {Ato},
  Timestamp                = {2015.02.15}
}

@Book{Goldsmith76,
  Title                    = {Autosegmental phonology},
  Author                   = {Goldsmith, John},
  Publisher                = {MIT Dissertation},
  Year                     = {1976},

  Owner                    = {Ato},
  Timestamp                = {2015.04.13}
}

@Article{Gribonova13,
  Title                    = {Verb-stranding verb phrase ellipsis and the structure of the {R}ussian verb complex},
  Author                   = {Gribonova, Vera},
  Journal                  = {Natural Language and Linguistic Theory},
  Year                     = {2013},
  Pages                    = {91-136},
  Volume                   = {31},

  Owner                    = {Ato},
  Timestamp                = {2016.04.25}
}

@Article{Grimshaw88,
  Title                    = {Light verbs and theta-marking},
  Author                   = {Grimshaw, J. and Mester, A.},
  Journal                  = {Linguistic Inquiry},
  Year                     = {1988},
  Pages                    = {205-232},
  Volume                   = {19},

  Owner                    = {Ato},
  Timestamp                = {2014.10.10}
}

@Article{GrohmannnNevins04,
  Title                    = {On the syntactic expression of pejorative mood},
  Author                   = {Grohmann, Kleanthes K. and Nevins, Andrew},
  Journal                  = {Linguistic Year Book},
  Year                     = {2004},
  Pages                    = {137-179},
  Volume                   = {4},

  Owner                    = {Ato},
  Timestamp                = {2016.03.18}
}

@Book{Guerini06,
  Title                    = {Language alternation strategies in multilingual settings: A case study of {G}hanaian immigrants in northern {I}taly},
  Author                   = {Guerini, Fredrica},
  Publisher                = {Peter Lang},
  Year                     = {2006},

  Address                  = {Bern},

  Owner                    = {Ato},
  Timestamp                = {2015.07.04}
}

@InCollection{HnK93,
  Title                    = {On argument structure and the lexical expression of syntactic relations},
  Author                   = {Hale, K. L. and Keyser, S. J.},
  Booktitle                = {The view from building 20: Essays in linguistics in honor of Sylvain Bromberger},
  Publisher                = {MIT Press},
  Year                     = {1993},
  Pages                    = {53--100},

  Owner                    = {Ato},
  Timestamp                = {2014.10.10}
}

@Unpublished{Hasegawa87,
  Title                    = {INFL movement and scope of negation},
  Author                   = {Hasegawa, N.},
  Note                     = {Ms, MIT},
  Year                     = {1987},

  Owner                    = {Ato},
  Timestamp                = {2016.03.06}
}

@Article{Hasp99,
  Title                    = {Explaining article-possessor complementarity: economic motivation in noun phrase syntax},
  Author                   = {Haspelmath, Martin},
  Journal                  = {Language},
  Year                     = {1999},
  Number                   = {2},
  Pages                    = {227-243},
  Volume                   = {75},

  Owner                    = {Ato},
  Timestamp                = {2015.07.04}
}

@Book{Hasp97,
  Title                    = {Indefinite pronouns},
  Author                   = {Haspelmath, Martin},
  Publisher                = {Oxford University Press},
  Year                     = {1997},
  Series                   = {Oxford Studies in Typology and Linguistic
Theory},

  Owner                    = {Ato},
  Timestamp                = {2015.09.30}
}

@InProceedings{HnM07,
  Title                    = {Extremely local optimization},
  Author                   = {Heck, Fabian and M\"uller, Gereon},
  Booktitle                = {Proceedings of the 26th WECOL},
  Year                     = {2007},

  Address                  = {California State University},
  Pages                    = {170-183},
  Publisher                = {Fresno},

  Owner                    = {Ato},
  Timestamp                = {2015.09.20}
}

@InCollection{Hein16,
  Title                    = {Verb doublig and the order of operations at {P}{F}: {I}nsights from {A}sante {T}wi},
  Author                   = {Hein, Johann},
  Booktitle                = {Replicative processes in grammar},
  Publisher                = {Instit\"ut f\"ur Linguistik, Uinversit\"at Leipzig},
  Year                     = {2016},

  Address                  = {Leipzig},
  Editor                   = {Barnickel, K and Guzm{\'a}n Naranjo, M. and Hein, J. and Korsah, S. and Murphy, A. and Paschen, L. and P{\v{u}}skar, Z. and Zaleska, J.},
  Pages                    = {85-126},
  Series                   = {Linguistische Arbeits Berichte},
  Volume                   = {93},

  Owner                    = {Ato},
  Timestamp                = {2015.03.01}
}

@Unpublished{Hein15,
  Title                    = {Verb doubling in {A}kan and the order of operations at {PF}},
  Author                   = {Hein, Johannes},
  Note                     = {Ms. Universit\"at Leipzig},
  Year                     = {2015},

  Owner                    = {Ato},
  Timestamp                = {2015.09.30}
}

@Book{Heine76,
  Title                    = {A typology of African languages based on the order of meaningful
elements},
  Author                   = {Heine, Bernd},
  Publisher                = {Buske},
  Year                     = {1976},

  Address                  = {Hamburg},

  Owner                    = {Ato},
  Timestamp                = {2015.11.26}
}

@InCollection{Heycock13,
  Title                    = {The syntax of predication},
  Author                   = {Heycock, C},
  Booktitle                = {Cambridge handbook on generative syntax},
  Publisher                = {Cambridg University Press},
  Year                     = {2013},
  Editor                   = {den Dikken, M},
  Pages                    = {322--352},

  Owner                    = {Ato},
  Timestamp                = {2014.10.11}
}

@InCollection{Holmberg10,
  Title                    = {The null subject parameter},
  Author                   = {Holmberg, Anders},
  Booktitle                = {Parametric variation: Null subjects in Minimalist Theory},
  Publisher                = {Cambridg University Press},
  Year                     = {2010},

  Address                  = {Cambridge},
  Editor                   = {Biberauer, Theresa and Holmberg, Anders and Roberts, Ian and Sheehan, Michelle},
  Pages                    = {88-124},

  Owner                    = {Ato},
  Timestamp                = {2016.03.14}
}

@Article{Holmberg99,
  Title                    = {Remarks on {H}omberg's {G}eneralization},
  Author                   = {Holmberg, Anders},
  Journal                  = {Studia Linguistica},
  Year                     = {1999},
  Pages                    = {1-39},
  Volume                   = {53},

  Owner                    = {Ato},
  Timestamp                = {2015.11.26}
}

@Article{Hook91,
  Title                    = {The compound verb in Munda: An aerial and typological overview},
  Author                   = {Hook, P. E.},
  Journal                  = {Language Sciences},
  Year                     = {1991},
  Number                   = {2},
  Pages                    = {181--195},
  Volume                   = {13},

  Owner                    = {Ato},
  Timestamp                = {2014.10.10}
}

@Book{Hornstein01,
  Title                    = {Move! A minimalist theory of construal},
  Author                   = {Hornstein, Norbert},
  Publisher                = {Blackwell},
  Year                     = {2001},

  Owner                    = {Ato},
  Timestamp                = {2015.03.21}
}

@Book{Hornstein05,
  Title                    = {Understanding minimalism},
  Author                   = {Hornstein, Norbert and Nunes, Jairo and Grohmann, Kleanthes K.},
  Publisher                = {Cambridg University Press},
  Year                     = {2005},

  Address                  = {Cambridge},

  Owner                    = {Ato},
  Timestamp                = {2015.06.17}
}

@Electronic{HorSil,
  Title                    = {Hebrew Idioms: {T}he Organization of the Lexical Component},

  Address                  = {Tel Aviv University},
  Author                   = {Horvath, J. Julia and Siloni, Tal},
  HowPublished             = {lingbuzz/000839},
  Year                     = {2009},

  Owner                    = {Ato},
  Timestamp                = {2015.06.17}
}

@Article{Huang87,
  Title                    = {Remarks on empty Categories in Chinese},
  Author                   = {Huang, C.-T. James},
  Journal                  = {Linguistics Inquiry},
  Year                     = {1987},
  Number                   = {2},
  Pages                    = {321-337},
  Volume                   = {18},

  Owner                    = {Ato},
  Timestamp                = {2016.04.25}
}

@Article{Huang84,
  Title                    = {On the distribution and reference of empty pronouns},
  Author                   = {Huang, C.-T. James},
  Journal                  = {Linguistics Inquiry},
  Year                     = {1984},
  Number                   = {4},
  Pages                    = {531-574},
  Volume                   = {15},

  Owner                    = {Ato},
  Timestamp                = {2016.03.14}
}

@InCollection{Irimia05,
  Title                    = {Types of secondary predication},
  Author                   = {Irimia, Monica-Alexandrina},
  Booktitle                = {Toronto Working Papers in Linguistics},
  Publisher                = {Linguistics Graduate Course Union, University of Toronto},
  Year                     = {2005},
  Edition                  = {Niagara Linguistics Society 2005 Conference Proceedings},
  Editor                   = {Heffernan , Kevin and Suh, Eugenia},
  Pages                    = {20-29},
  Volume                   = {25},

  Owner                    = {Ato},
  Timestamp                = {2016.03.16}
}

@Article{Jackendoff08,
  Title                    = {Construction after construction and its theoretical challenges},
  Author                   = {Jackendoff, Ray},
  Journal                  = {Language},
  Year                     = {2008},
  Number                   = {1},
  Pages                    = {8-28},
  Volume                   = {84},

  Owner                    = {Ato},
  Timestamp                = {2015.05.19}
}

@Book{Jaeggli82,
  Title                    = {Topics in {R}omance syntax},
  Author                   = {Jaeggli, Osvaldo},
  Publisher                = {Foris},
  Year                     = {1982},

  Owner                    = {Ato},
  Timestamp                = {2016.04.22}
}

@InCollection{JaegglinSafir89,
  Title                    = {The null subject parameter and parametric theory},
  Author                   = {Jaeggli, Osvaldo and Safir, Kenneth J.},
  Booktitle                = {The Null Subject Parameter},
  Publisher                = {Kluwer Academic Publishers},
  Year                     = {1989},
  Editor                   = {Jaeggli, Osvaldo and Safir, Kenneth J.},
  Pages                    = {1-44},

  Owner                    = {Ato},
  Timestamp                = {2016.03.14}
}

@Book{Kager99,
  Title                    = {Optimality Theory},
  Author                   = {Kager, Ren{\'e}},
  Publisher                = {Cambridg University Press},
  Year                     = {1999},

  Owner                    = {Ato},
  Timestamp                = {2015.04.20}
}

@Article{Kand15,
  Title                    = {On prosodic vacuity and veverb resumption in Asante Twi},
  Author                   = {Kandybowicz, Jason},
  Journal                  = {Linguistic Inquiry},
  Year                     = {2015},
  Number                   = {2},
  Pages                    = {243-272},
  Volume                   = {46},

  Owner                    = {Ato},
  Timestamp                = {2015.09.30}
}

@InCollection{Keenan85,
  Title                    = {Relative Clauses},
  Author                   = {Keenan, Edward L..},
  Booktitle                = {Language typology and syntactic
description, vol. II},
  Publisher                = {Cambridge University Press},
  Year                     = {1985},
  Editor                   = {Shopen, T.},
  Pages                    = {141Ð170},

  Owner                    = {Ato},
  Timestamp                = {2015.03.15}
}

@Article{KnC77,
  Title                    = {Noun Phrase accessibility and {U}niversal {G}rammar},
  Author                   = {Keenan, Edward L. and Comrie, Bernard},
  Journal                  = {Linguistic Inquiry},
  Year                     = {1977},
  Pages                    = {63-99},
  Volume                   = {3},

  Owner                    = {Ato},
  Timestamp                = {2015.03.15}
}

@InCollection{KeinenMuller08,
  Title                    = {Differential argument marking by {I}mpoverishment},
  Author                   = {Keine, Stefan and M\"uller, Ge},
  Booktitle                = {Linguistische Arbeits Berichte},
  Publisher                = {Instit\"ut f\"ur Linguistik, Uinversit\"at Leipzig},
  Year                     = {2008},

  Address                  = {Leipzig},
  Editor                   = {Richards, Marc and Malchukov, Andrej},
  Pages                    = {83-136},
  Volume                   = {86},

  Owner                    = {Ato},
  Timestamp                = {2016.03.15}
}

@InCollection{Kenstowicz13,
  Title                    = {Realize morpheme},
  Author                   = {Kenstowicz, Michael},
  Booktitle                = {Studies in Kaqchikel grammar},
  Publisher                = {MIT Press},
  Year                     = {2013},
  Pages                    = {67-80},
  Series                   = {MIT Working Papers on Endangered and Less Familiar Languages},
  Volume                   = {8},

  Owner                    = {Ato},
  Timestamp                = {2015.04.08}
}

@Unpublished{Kimper08,
  Title                    = {Syntactic reduplication and the spellout of movement chains},
  Author                   = {Kimper, Wendel},
  Note                     = {ms. Umass},
  Year                     = {2008},

  Owner                    = {Ato},
  Timestamp                = {2015.09.20}
}

@InCollection{Klein14,
  Title                    = {Derving a typology of reumption},
  Author                   = {Klein, Timo},
  Booktitle                = {Topics at {I}n{F}{L}},
  Publisher                = {Instit\"ut f\"ur Linguistik, Universit\"at Leipzig},
  Year                     = {2014},

  Address                  = {Leipzig},
  Editor                   = {Assmann, Anke and Bank, Sebastian and Georgi, Doreen and Klein, Timo and Weisser, Philipp and Zimmermann, Eva},
  Pages                    = {233-249},
  Series                   = {Linguistische Arbeits Berichte},
  Volume                   = {92},

  Owner                    = {Ato},
  Timestamp                = {2016.02.16}
}

@Article{Klein05,
  Title                    = {Infixation and segmental constraint effects: UM and IN in Tagalog, Chamorro, and Toba Batak},
  Author                   = {Klein, Thomas B.},
  Journal                  = {Lingua},
  Year                     = {2005},
  Number                   = {7},
  Pages                    = {959-995},
  Volume                   = {115},

  Owner                    = {Ato},
  Timestamp                = {2015.04.30}
}

@PhdThesis{Koizumi95,
  Title                    = {Phrase structure in {M}inimalist {S}yntax},
  Author                   = {Koizumi, Masatoshi},
  School                   = {MIT},
  Year                     = {1995},

  Owner                    = {Ato},
  Timestamp                = {2016.04.25}
}

@InCollection{Me14,
  Title                    = {On inherent complement verbs in Kwa},
  Author                   = {Korsah, Sampson},
  Booktitle                = {Topics at InFL},
  Publisher                = {Instit\"ut f\"ur Linguistik, Uinversit\"at Leipzig},
  Year                     = {2014},
  Editor                   = {Assmann, Assmann and Bank, Sebastian and Georgi, Doreen and Klein, Timo and Weisser, Philip and Zimmermann, Eva.},
  Pages                    = {397-421},
  Series                   = {Linguistische Arbeits Berichte},
  Volume                   = {92},

  Owner                    = {Ato},
  Timestamp                = {2015.06.16}
}

@MastersThesis{Mphil,
  Title                    = {Transitivity and inherent complementation in Ga},
  Author                   = {Korsah, Sampson},
  School                   = {University of Ghana},
  Year                     = {2011},

  Owner                    = {Ato},
  Timestamp                = {2014.10.10}
}

@Unpublished{KorsahnMurphy15,
  Title                    = {High tone insertion in {A}kan as a reflex of successive-cyclic movement},
  Author                   = {Korsah, Sampson and Murphy, Andrew},
  Note                     = {Workshop on morphosyntactic triggers of tone. University of Leipzig},

  Month                    = {June},
  Year                     = {2015},

  Owner                    = {Ato},
  Timestamp                = {2015.06.27}
}

@InCollection{KroppDakubu2008,
  Title                    = {Ga verb features},
  Author                   = {Kropp Dakubu, Mary Esther},
  Booktitle                = {Aspects and modality in Kwa languages},
  Publisher                = {John Benjamins},
  Year                     = {2008},
  Editor                   = {Ameka, Felix K. and Kropp Dakubu, Mary Esther},
  Number                   = {100},
  Pages                    = {91-134},
  Series                   = {Studies in Language Companion Series},

  Owner                    = {Ato},
  Timestamp                = {2016.02.25}
}

@InCollection{Dakubu08,
  Title                    = {Ga verb features},
  Author                   = {Kropp Dakubu, Mary Esther},
  Booktitle                = {Aspects and modality in Kwa languages},
  Publisher                = {John Benjamins},
  Year                     = {2008},

  Address                  = {Amsterdam},
  Editor                   = {Ameka, Felix A. Kropp Dakubu, Mary Esther},
  Number                   = {100},
  Pages                    = {91-134},
  Series                   = {Studies in Language Companion Series},

  Owner                    = {Ato},
  Timestamp                = {2015.10.28}
}

@Book{Dakubu02,
  Title                    = {Ga phonology},
  Author                   = {Kropp Dakubu, Mary Esther},
  Publisher                = {Institute of African Studies},
  Year                     = {2002},

  Address                  = {Legon},

  Owner                    = {Ato},
  Timestamp                = {2015.02.15}
}

@Article{Dakubu96,
  Title                    = {Explaining {G}a plurals},
  Author                   = {Kropp Dakubu, Mary Esther},
  Journal                  = {Jounal of African Languages and Linguistics},
  Year                     = {1996},
  Number                   = {2},
  Pages                    = {153-181},
  Volume                   = {17},

  Owner                    = {Ato},
  Timestamp                = {2015.05.07}
}

@Article{Kurisu00,
  Title                    = {Richness of the {B}ase and root fusion in {S}ino-{J}apanese},
  Author                   = {Kurisu, Kazutaka},
  Journal                  = {Journal of East Asian Linguistics},
  Year                     = {2000},
  Number                   = {2},
  Pages                    = {147-185},
  Volume                   = {9},

  Owner                    = {Ato},
  Timestamp                = {2015.04.12}
}

@Book{Lopez12,
  Title                    = {Indefinite objects: {S}crambling, {C}hoice function, and {D}ifferential {O}bject {M}arking},
  Author                   = {L{\h o}pez, Luis},
  Publisher                = {MIT Press},
  Year                     = {2012},

  Address                  = {Cambridge, Massachusetts},
  Series                   = {Linguistic Inquiry Monograph},
  Volume                   = {63},

  Owner                    = {Ato},
  Timestamp                = {2016.03.31}
}

@InProceedings{Ladusaw96,
  Title                    = {Negation and polarity items},
  Author                   = {Ladusaw, William A.},
  Booktitle                = {The handbook of contemporary semantic theory},
  Year                     = {1996},

  Address                  = {Oxford},
  Editor                   = {Lappin, Shalom and Fox, Chris},
  Pages                    = {321-341},
  Publisher                = {Blackwell},

  Owner                    = {Ato},
  Timestamp                = {2015.09.20}
}

@Book{Ladusaw79,
  Title                    = {Polarity sensitivity as inherent scope relations},
  Author                   = {Ladusaw, William A.},
  Publisher                = {Garland Publishing},
  Year                     = {1979},

  Address                  = {New York},

  Owner                    = {Ato},
  Timestamp                = {2015.09.30}
}

@Article{Lahiri98,
  Title                    = {Focus and negative polarity in {H}indi},
  Author                   = {Lahiri, Utpal},
  Journal                  = {Natural Language Semantics},
  Year                     = {1998},
  Pages                    = {57-123},
  Volume                   = {6},

  Owner                    = {Ato},
  Timestamp                = {2015.09.20}
}

@PhdThesis{Laka90,
  Title                    = {Negation in syntax: On the nature of functional categories and projections},
  Author                   = {Laka, Itziar},
  School                   = {MIT},
  Year                     = {1990},

  Owner                    = {Ato},
  Timestamp                = {2015.09.20}
}

@InCollection{Landman02,
  Title                    = {Morphological contiguity},
  Author                   = {Landman, Meredith},
  Booktitle                = {Papers in OT II},
  Publisher                = {GLSA},
  Year                     = {2002},

  Address                  = {Amherst, MA},
  Editor                   = {Carpenter, A. and Coetzee, A.and de LCo , P.},
  Series                   = {University of Massachusetts Occasional Papers in Linguistics},

  Owner                    = {Ato},
  Timestamp                = {2015.07.16}
}

@InCollection{Langer05,
  Title                    = {A formal specification of support verb constructions},
  Author                   = {Langer, S.},
  Booktitle                = {Semantik im Lexikon},
  Publisher                = {Narr},
  Year                     = {2005},
  Editor                   = {Langer, S. and Schnorbusch, D.},
  Pages                    = {179--202},

  Owner                    = {Ato},
  Timestamp                = {2014.10.15}
}

@Article{Langer04,
  Title                    = {A linguistic test battery for support verb constructions},
  Author                   = {Langer, Stefan},
  Journal                  = {Verbes Supports. Nouvel \'{e}tat des lieux. Special issue of Linguisticae Investigationes},
  Year                     = {2004},
  Pages                    = {171-184},
  Volume                   = {27},

  Owner                    = {Ato},
  Timestamp                = {2014.10.10}
}

@InProceedings{Larson02,
  Title                    = {The semantics of object drop in {B}aule},
  Author                   = {Larson, Martha},
  Booktitle                = {Proceedings of the seventh {E}{S}S} # L,
  Year                     = {2002},
  Editor                   = {Nissim, Malvina}
}

@PhdThesis{Larson05,
  Title                    = {The empty object construction and related phenomena},
  Author                   = {Larson, Martha},
  School                   = {Cornell University},
  Year                     = {2005},

  Owner                    = {Ato},
  Timestamp                = {2016.02.15}
}

@Unpublished{Larson04,
  Title                    = {Distributive Numerals and Multi-verb Constructions in Baule},
  Author                   = {Larson, Martha},
  Note                     = {A paper presented at the Legon-Trondheim Linguistics Project Annual Colloquium, University of Ghana, Legon},

  Month                    = {12-13 January},
  Year                     = {2004},

  Owner                    = {Ato},
  Timestamp                = {2016.03.14}
}

@Unpublished{Larson02-b,
  Title                    = {Baule SVCs: Two distinct varieties of missing objects},
  Author                   = {Larson, Martha},
  Note                     = {A paper presented at the Legon-Trondheim Linguistics Project Annual Colloquium, University of Ghana, Legon.},

  Month                    = {4-6 December},
  Year                     = {2002},

  Owner                    = {Ato},
  Timestamp                = {2016.03.14}
}

@Article{RLarson88,
  Title                    = {On the double object construction},
  Author                   = {Larson, Richard K.},
  Journal                  = {Linguistic Inquiry},
  Year                     = {1988},
  Number                   = {3},
  Pages                    = {335-391},
  Volume                   = {19},

  Owner                    = {Ato},
  Timestamp                = {2016.05.17}
}

@Article{Lasnik95,
  Title                    = {A note on pseudo-gapping},
  Author                   = {Lasnik, Howard},
  Journal                  = {MIT Working Papers in Linguistics},
  Year                     = {1995},
  Pages                    = {143-163},
  Volume                   = {27},

  Owner                    = {Ato},
  Timestamp                = {2016.04.25}
}

@Book{Levin93,
  Title                    = {English verb classes and alternations: {A} preliminary investigation},
  Author                   = {Levin, Beth},
  Publisher                = {University of Chicago Press},
  Year                     = {1993},

  Address                  = {Chicago},

  Owner                    = {Ato},
  Timestamp                = {2015.11.26}
}

@InCollection{Muller16,
  Title                    = {Predicate doubling by phonological copying},
  Author                   = {M{\"u}ller, Gereon},
  Booktitle                = {Replicative Processes in Grammar},
  Publisher                = {Instit\"ut f\"ur Linguistik, Uinversit\"at Leipzig},
  Year                     = {2016},

  Address                  = {Leipzig},
  Editor                   = {Barnickel, K and Guzm{\'a}n Naranjo, M. and Hein, J. and Korsah, S. and Murphy, A. and Paschen, L. and P{\v{u}}skar, Z. and Zaleska, J.},
  Pages                    = {127-148},
  Series                   = {Linguistische Arbeits Berichte},
  Volume                   = {93},

  Owner                    = {Ato},
  Timestamp                = {2015.03.01}
}

@InCollection{Muller06,
  Title                    = {Pro-drop and impoverishment},
  Author                   = {M\"uller, Gereon},
  Booktitle                = {Form, Structure, and Grammer. A Festschrift presented to G\"unther Grewendorf on Occasion of His 60th Birthday},
  Publisher                = {Akademie Verlag},
  Year                     = {2006},

  Address                  = {Berlin},
  Editor                   = {Brandt , P. and Fu\ss , E.},
  Pages                    = {93-115},

  Owner                    = {Ato},
  Timestamp                = {2016.03.14}
}

@Book{Muller14,
  Title                    = {Syntactic buffers},
  Author                   = {M\"uller, Gereon},
  Publisher                = {Instit\"ut f\"ur Linguistik, Uinversit\"at Leipzig},
  Year                     = {2014},
  Series                   = {Linguistische Arbeits Berichte},
  Volume                   = {91},

  Owner                    = {Ato},
  Timestamp                = {2015.03.16}
}

@Article{Marfo05,
  Title                    = {Akan focus and topic constructions and the phonology-syntax interface},
  Author                   = {Marfo, Charles},
  Journal                  = {Journal of  West African Languages},
  Year                     = {2005},
  Number                   = {1},
  Volume                   = {32},

  Owner                    = {Ato},
  Timestamp                = {2015.07.24}
}

@Article{MnB05,
  Title                    = {Information structure in {A}kan question-word fronting and focus constructions},
  Author                   = {Marfo, Charles and Adams, Bodomo},
  Journal                  = {Studies in African Linguistics},
  Year                     = {2005},
  Number                   = {2},
  Pages                    = {179-208},
  Volume                   = {34},

  Owner                    = {Ato},
  Timestamp                = {2015.03.15}
}

@InCollection{McCarthynPrince05,
  Title                    = {Faithfulness and reduplicative identity},
  Author                   = {McCarthy, John J. and Prince, Alan},
  Booktitle                = {Papers in {O}ptimality {T}heory},
  Publisher                = {GLSA},
  Year                     = {1995},

  Address                  = {Amherst, Mass.},
  Editor                   = {Beckman, J. and Dickey, L. W. and Urbanczyk, S.},
  Note                     = {Rutgers Optimality Archive 60},
  Pages                    = {249-384},
  Series                   = {University of Massachusetts Occasional Papers},
  Volume                   = {18},

  Owner                    = {Ato},
  Timestamp                = {2016.03.19}
}

@InCollection{McCloskey02,
  Title                    = {Resumption, successive cyclicity, and the locality of operations},
  Author                   = {McCloskey, James},
  Booktitle                = {Derivation and Explanation in the Minimalist Program},
  Publisher                = {Blackwell},
  Year                     = {2002},
  Editor                   = {Epstein, S. and Seely, T.},
  Pages                    = {184Ð226},

  Owner                    = {Ato},
  Timestamp                = {2015.03.16}
}

@InCollection{McCloskey11,
  Title                    = {Resumptive pronouns, {\=A}-binding, and levels of representation in {I}rish},
  Author                   = {McCloskey, James},
  Booktitle                = {Resumptive pronouns at the interfaces},
  Publisher                = {John Benjamins},
  Year                     = {2011},

  Address                  = {Amsterdam},
  Editor                   = {Rouveret, Alian},
  Pages                    = {65-119},
  Series                   = {Language Faculty and Beyond: Internal and external Variation in Linguistics},
  Volume                   = {5},

  Owner                    = {Ato},
  Timestamp                = {2015.02.28}
}

@Article{McCracken13,
  Title                    = {Relative pronouns in {A}sante-{T}wi},
  Author                   = {McCracken, Chelsea},
  Journal                  = {Rice Working Papers in Linguistics},
  Year                     = {2013},
  Pages                    = {1-28},
  Volume                   = {4},

  Owner                    = {Ato},
  Timestamp                = {2015.03.01}
}

@Unpublished{TomnSandhya15,
  Title                    = {The {EPP}: prosodically motivated, syntactically implemented},
  Author                   = {McFadden, T. and Sundaresan, S.},
  Note                     = {Handout of talk given at the Neuere Arbeiten zur Grammatiktheorie, Univerisity of Leipzig},

  Month                    = {January},
  Year                     = {2015},

  Owner                    = {Ato},
  Timestamp                = {2015.03.01}
}

@InCollection{Merchant13,
  Title                    = {Polarity items under ellipsis},
  Author                   = {Merchant, Jason},
  Booktitle                = {Diagnosing syntax},
  Publisher                = {Oxford University Press},
  Year                     = {2013},

  Address                  = {Oxford},
  Editor                   = {Cheng, Lai-Shen and Corver, Norbert},
  Pages                    = {442-462},
  Series                   = {Oxford Studies in Theoretical Linguistics},

  Owner                    = {Ato},
  Timestamp                = {2016.03.04}
}

@Article{Merchant06,
  Title                    = {Why no(t)?},
  Author                   = {Merchant, Jason},
  Journal                  = {Style},
  Year                     = {2006},

  Owner                    = {Ato},
  Timestamp                = {2015.09.30}
}

@InCollection{Mohanan97,
  Title                    = {Multidimensionality of representation: {N}{V} complex predicates in {H}indi},
  Author                   = {Mohanan, T.},
  Booktitle                = {Complex},
  Publisher                = {CSLI Publications},
  Year                     = {1997},

  Address                  = {Standford, CA},
  Editor                   = {Alsina, A. and Bresnan, J and Sells, P},
  Pages                    = {431-471},

  Owner                    = {Ato},
  Timestamp                = {2015.10.26}
}

@PhdThesis{Montalbetti84,
  Title                    = {After binding: On the interpretation of pronouns},
  Author                   = {Montalbetti, Mario M.},
  School                   = {MIT},
  Year                     = {1984},

  Owner                    = {Ato},
  Timestamp                = {2016.03.14}
}

@Article{Myers97,
  Title                    = {OCP effects in Optimality Theory},
  Author                   = {Myers, Scott},
  Journal                  = {Natural Language and Linguistic Theory},
  Year                     = {1997},
  Pages                    = {847-892},
  Volume                   = {15},

  Owner                    = {Ato},
  Timestamp                = {2015.04.24}
}

@PhdThesis{Nikolaeva14,
  Title                    = {The secret life of pronouns},
  Author                   = {Nikolaeva, Liudmila},
  School                   = {MIT},
  Year                     = {2014},

  Owner                    = {Ato},
  Timestamp                = {2016.03.14}
}

@Book{Nunes04,
  Title                    = {Linearization of chains and sideward movement},
  Author                   = {Nunes, Jairo},
  Publisher                = {MIT Press},
  Year                     = {2004},

  Address                  = {Cambridge},

  Owner                    = {Ato},
  Timestamp                = {2015.06.12}
}

@InCollection{Nwach84,
  Title                    = {Transitivity},
  Author                   = {Nwachukwu, P. A.},
  Booktitle                = {Readings on the Igbo verb},
  Publisher                = {Igbo Language Association},
  Year                     = {1984},
  Editor                   = {Nwachukwu, P. A.},
  Pages                    = {99--120},

  Owner                    = {Ato},
  Timestamp                = {2014.10.11}
}

@InCollection{Nwach87,
  Title                    = {The argument structure of Igbo verbs},
  Author                   = {Nwachukwu, P. A.},
  Booktitle                = {Lexicon projects working papers 18,},
  Publisher                = {Centre for cognitive science, MIT},
  Year                     = {1987},

  Owner                    = {Ato},
  Timestamp                = {2014.10.11}
}

@Article{Nwach85,
  Title                    = {Inherent complement verbs in Igbo},
  Author                   = {Nwachukwu, P. A.},
  Journal                  = {Journal of the Linguistics Association of Nigeria},
  Year                     = {1985},
  Pages                    = {61--74},
  Volume                   = {3},

  Owner                    = {Ato},
  Timestamp                = {2014.10.10}
}

@Article{vO05,
  Title                    = {Expressing inflection tonally},
  Author                   = {van Oestendorp, Marc},
  Journal                  = {Catalan Journal of Linguistics},
  Year                     = {2005},
  Number                   = {1},
  Pages                    = {107-127},
  Volume                   = {4},

  Owner                    = {Ato},
  Timestamp                = {2015.04.08}
}

@Book{Okunor69,
  Title                    = {Tone in {G}\ns a verb},
  Author                   = {Okunor, Vincent},
  Publisher                = {Institute of African Studies},
  Year                     = {1969},

  Address                  = {Legon},

  Owner                    = {Ato},
  Timestamp                = {2015.04.12}
}

@InCollection{vo07,
  Title                    = {Derived environment effects and consistency of exponence},
  Author                   = {van Oostendorp, Marc},
  Booktitle                = {Freedom of analysis},
  Publisher                = {Mouton de Gruyter},
  Year                     = {2007},

  Address                  = {Berlin},
  Editor                   = {Blaho, S. and Bye, P. and Kraemer, M.},
  Pages                    = {123-148},

  Owner                    = {Ato},
  Timestamp                = {2015.07.16}
}

@Book{Osam03,
  Title                    = {An introduction to the veverb and multi-verbal system of {A}kan},
  Author                   = {Osam, E. Kweku},
  Editor                   = {Beermann, Dorothee and Hellan, Lars},
  Publisher                = {Department of Linguistics, University of Ghana},
  Year                     = {2003},
  Edition                  = {Proceedings of the workshop on Multi-Verb Constructions
Trondheim Summer School},

  Owner                    = {Ato},
  Timestamp                = {2016.04.15}
}

@Article{Osam96,
  Title                    = {The object relation in Akan},
  Author                   = {Osam, E. Kweku},
  Journal                  = {Africa und Ubersee},
  Year                     = {1996},
  Pages                    = {57-83},
  Volume                   = {79},

  Owner                    = {Ato},
  Timestamp                = {2014.10.11}
}

@PhdThesis{Osam94,
  Title                    = {Aspects {A}kan grammar: {A} functional perspective},
  Author                   = {Osam, Emmanuel Kweku A.},
  School                   = {University of Oregon},
  Year                     = {1994},

  Owner                    = {Ato},
  Timestamp                = {2015.10.28}
}

@Article{Osam11,
  Title                    = {The so-called postpositions in Akan: A reconsideration},
  Author                   = {Osam, E. Kweku and Duah, Reginald. A. and Blay, Afua M.},
  Journal                  = {Journal of West African Languages},
  Year                     = {2011},
  Number                   = {2},
  Pages                    = {107-118},
  Volume                   = {XXXVI},

  Owner                    = {Ato},
  Timestamp                = {2014.10.22}
}

@Article{Ott.nd,
  Title                    = {Symmetric merge and local instability: Evidence from split topics},
  Author                   = {Ott, Dennis Christopher},
  Journal                  = {Syntax},
  Note                     = {To appear},

  Owner                    = {Ato},
  Timestamp                = {2015.06.16}
}

@PhdThesis{Ott11,
  Title                    = {Local instability: The syntax of split topics},
  Author                   = {Ott, Denni Christopher},
  School                   = {Harvard University},
  Year                     = {2011},

  Owner                    = {Ato},
  Timestamp                = {2015.06.14}
}

@Article{Paster03,
  Title                    = {Floating tones in {G}\ns a},
  Author                   = {Paster, Mary},
  Journal                  = {Studies in African Linguistics},
  Year                     = {2003},
  Number                   = {1},
  Pages                    = {17-39},
  Volume                   = {32},

  Owner                    = {Ato},
  Timestamp                = {2015.02.15}
}

@Unpublished{Paster00,
  Title                    = {Issues in {G}\ns a tonology},
  Author                   = {Paster, Mary},
  Year                     = {2000},

  Owner                    = {Ato},
  Timestamp                = {2015.02.15}
}

@InCollection{Pater99,
  Title                    = {Austronesian nasal substitution and other {N}{C} effects},
  Author                   = {Pater, Joe},
  Booktitle                = {The prosody morphology interface},
  Publisher                = {Cambridg University Press},
  Year                     = {1999},

  Address                  = {Cambridge, UK},
  Editor                   = {van der Hulst, H. and Zonneveld, W.},
  Pages                    = {310-343},

  Owner                    = {Ato},
  Timestamp                = {2015.07.19}
}

@InCollection{Pater01,
  Title                    = {Austronesian nasal substitution revisited: {W}hat's wrong with {*}{N}{C} (and what's not).},
  Author                   = {Pater, Joe},
  Booktitle                = {Segmental phonology in {O}ptimality {T}heory: {C}onstraints and {R}epresentations.},
  Publisher                = {Cambridg University Press},
  Year                     = {2001},
  Editor                   = {Lombardi, L.},
  Pages                    = {159-182},

  Owner                    = {Ato},
  Timestamp                = {2015.07.19}
}

@InCollection{Pesetsky98,
  Title                    = {Optimality principles of sentence pronunciation},
  Author                   = {Pesetsky, David},
  Booktitle                = {Is the best good enough ? {O}ptimality and competition in syntax},
  Publisher                = {MIT Press},
  Year                     = {1998},

  Address                  = {Cambridge, Massachusetts},
  Editor                   = {Barbosa, P. and Fox, D and McGinnis, M. and Pesetsky, D.},
  Pages                    = {337-383},

  Owner                    = {Ato},
  Timestamp                = {2015.07.09}
}

@PhdThesis{Pesetsky82,
  Title                    = {Paths and Categories},
  Author                   = {Pesetsky, David},
  School                   = {MIT},
  Year                     = {1982},

  Owner                    = {Ato},
  Timestamp                = {2014.10.24}
}

@InCollection{PesnTor07,
  Title                    = {The syntax of valuation and the interpretability of features},
  Author                   = {Pesetsky, David and Torrego, Esther},
  Booktitle                = {Clausal and Phrasal architecture: Syntactic derivation and interpretation},
  Publisher                = {Benjamins},
  Year                     = {2007},
  Editor                   = {Karimi, S. and Samiian, V. and Wilkins, W.},
  Pages                    = {262-294},

  Owner                    = {Ato},
  Timestamp                = {2015.09.20}
}

@Article{PolinskynPotsdam01,
  Title                    = {Long-{D}istance agreement and topic in {T}sez},
  Author                   = {Polinsky, Maria and Potsdam, Eric},
  Journal                  = {Natural Language and Linguistic Theory},
  Year                     = {2001},
  Pages                    = {583-646},
  Volume                   = {19},

  Owner                    = {Ato},
  Timestamp                = {2016.02.15}
}

@Unpublished{Postal00,
  Title                    = {An introduction to the grammar of squat.},
  Author                   = {Postal, Paul, M.},
  Note                     = {NYU},
  Year                     = {2000},

  Owner                    = {Ato},
  Timestamp                = {2016.03.05}
}

@InProceedings{Potsdam98,
  Title                    = {The syntax of adverbs},
  Author                   = {Potsdam, Eric},
  Booktitle                = {Proceedings of the twenty-seventh Western Conference on Linguistics},
  Year                     = {1998},

  Address                  = {Frenso, California},
  Editor                   = {van Gelderen , Elly and Samiian, Vida},
  Pages                    = {397-411},
  Publisher                = {Department of Linguistics, California State University},
  Volume                   = {10},

  Owner                    = {Ato},
  Timestamp                = {2016.03.14}
}

@Electronic{Prince02,
  Title                    = {Arguing Optimality},
  Author                   = {Prince, Alan},
  HowPublished             = {ROA-562.},
  Month                    = {12},
  Year                     = {2002},

  Owner                    = {Ato},
  Timestamp                = {2015.04.24}
}

@Book{PnS04,
  Title                    = {Optimality Theory. Constraint Interaction in Generative
Grammar},
  Author                   = {Prince, Alan and Smolensky, Paul},
  Publisher                = {Blackwell},
  Year                     = {2004},

  Address                  = {Malden, Mass},

  Owner                    = {Ato},
  Timestamp                = {2015.04.08}
}

@TechReport{PnS93,
  Title                    = {Optimality Theory: constraint interaction in Generative Grammar},
  Author                   = {Prince, Alan and Smolensky, Paul},
  Institution              = {Rutgers University and University of Colorado},
  Year                     = {1993},

  Address                  = {Center for cognitive Science, New Brunswick and Computer Science Department, Boulder},
  Type                     = {Technical Report},

  Owner                    = {Ato},
  Timestamp                = {2015.04.20}
}

@Book{Provovac94,
  Title                    = {Negative and positive polarity},
  Author                   = {Progovac, Ljiljana},
  Publisher                = {Cambridge University Press},
  Year                     = {1994},

  Address                  = {Cambridge},

  Owner                    = {Ato},
  Timestamp                = {2016.02.20}
}

@InCollection{Ramchand13,
  Title                    = {Argument structure and argument structure alternations},
  Author                   = {Ramchand, Gillian},
  Booktitle                = {Cambridge handbook on generative syntax},
  Publisher                = {Cambridge University Press},
  Year                     = {2013},
  Editor                   = {den Dikken, Marcel},
  Pages                    = {265-321},

  Owner                    = {Ato},
  Timestamp                = {2014.10.10}
}

@InCollection{Raposo86,
  Title                    = {On the null object in {E}uropean {P}ortuguese},
  Author                   = {Raposo, Eduardo P.},
  Booktitle                = {Studies in Romance Linguistics},
  Publisher                = {Foris Publications},
  Year                     = {1986},

  Address                  = {Dordrecht and Cinnaminson.},
  Editor                   = {Jaeggli, Osvaldo and Silva-Corval, Carmen},
  Pages                    = {373-390},

  Owner                    = {Ato},
  Timestamp                = {2016.04.24}
}

@Book{Riss1854,
  Title                    = {Grammatical outline and vocabulary of the Oji- anguage (with special reference to the Akuapim-Dialect (together with a collection of proverbs of the the natives))},
  Author                   = {Riss, H. N.},
  Publisher                = {Bahnmaier's Buchhandling (G. Detloff)},
  Year                     = {1854},

  Address                  = {Basel},

  Owner                    = {Ato},
  Timestamp                = {2016.03.16}
}

@InCollection{Rizzi06,
  Title                    = {On the Form of Chains: Criterial Positions and ECP Effects},
  Author                   = {Rizzi, Luigi},
  Booktitle                = {Wh-movement: moving on},
  Publisher                = {MIT Press},
  Year                     = {2006},
  Editor                   = {Cheng, Lisa and Corver, Norbert},
  Pages                    = {97-134},

  Owner                    = {Ato},
  Timestamp                = {2015.03.16}
}

@InCollection{Rizzi10,
  Title                    = {On some properties of {C}riterial {F}reezing},
  Author                   = {Rizzi, Luigi},
  Booktitle                = {Phase: subjects and operators},
  Publisher                = {Oxford University Press},
  Year                     = {2010},
  Editor                   = {Panagiotidis, E. Phoevos},
  Pages                    = {17-32},

  Owner                    = {Ato},
  Timestamp                = {2015.07.06}
}

@Book{Rizzi90,
  Title                    = {Relativized minimality},
  Author                   = {Rizzi, Luigi},
  Publisher                = {MIT Press},
  Year                     = {1990},

  Address                  = {Cambridge, MA},
  Number                   = {16},
  Series                   = {Linguistic Inquiry monograph},

  Owner                    = {Ato},
  Timestamp                = {2015.07.06}
}

@Article{Rizzi86,
  Title                    = {Null objects in {I}talian and the {T}heory of \textit{pro}},
  Author                   = {Rizzi, Luigi},
  Journal                  = {Linguistic Inquiry},
  Year                     = {1986},
  Pages                    = {501-557},
  Volume                   = {17},

  Owner                    = {Ato},
  Timestamp                = {2016.02.15}
}

@InCollection{RnS07,
  Title                    = {Strategies of Subject Extraction},
  Author                   = {Rizzi, Luigi and Shlonsky, Ur},
  Booktitle                = {Interfaces + {R}ecursion = {L}anguage? {C}homsky's {M}inimalism and the View from Syntax-Semantics.},
  Publisher                = {Mouton de Gruyter},
  Year                     = {2007},

  Address                  = {Berlin},
  Editor                   = {G\"artner, Hans Martin and Sauerland, Uli},
  Pages                    = {115-160},

  Owner                    = {Ato},
  Timestamp                = {2015.02.28}
}

@InCollection{Roberts10,
  Title                    = {A deletion analysis of null subjects},
  Author                   = {Roberts, Ian},
  Booktitle                = {Parametric variation: Null subjects in Minimalist Theory},
  Publisher                = {Cambridg University Press},
  Year                     = {2010},

  Address                  = {Cambridge},
  Editor                   = {Biberauer, Theresa and Holmberg, Anders and Roberts, Ian and Sheehan, Michelle},
  Pages                    = {58-87},

  Owner                    = {Ato},
  Timestamp                = {2016.03.14}
}

@Article{Roberts88,
  Title                    = {Predicative APs},
  Author                   = {Roberts, Ian},
  Journal                  = {Linguistic In},
  Year                     = {1988},
  Number                   = {4},
  Pages                    = {703-710},
  Volume                   = {19},

  Owner                    = {Ato},
  Timestamp                = {2016.03.16}
}

@PhdThesis{Ross67,
  Title                    = {Constraints on variables in syntax},
  Author                   = {Ross, John Robert.},
  School                   = {MIT},
  Year                     = {1967},

  Owner                    = {Ato},
  Timestamp                = {2016.02.16}
}

@InCollection{Saah10,
  Title                    = {Relative clauses in {A}kan},
  Author                   = {Saah, Kofi K.},
  Booktitle                = {Topics in {Kwa} syntax},
  Publisher                = {Springer},
  Year                     = {2010},

  Address                  = {London},
  Editor                   = {Aboh, Enoch O. and Essegbey, James},
  Pages                    = {91-107},
  Series                   = {Studies in Natural Languages and Linguistic Theory},
  Volume                   = {78},

  Owner                    = {Ato},
  Timestamp                = {2015.02.28}
}

@Article{Saah04,
  Title                    = {A survery of Akan adverbs and adverbials},
  Author                   = {Saah, Kofi K.},
  Journal                  = {Journal of West African Languages},
  Year                     = {2004},
  Number                   = {2},
  Pages                    = {46-74},
  Volume                   = {31},

  Owner                    = {Ato},
  Timestamp                = {2016.03.14}
}

@PhdThesis{Saah94,
  Title                    = {Studies in Akan syntax, acquisition and sentence processing},
  Author                   = {Saah, Kofi K.},
  School                   = {University of Ottawa},
  Year                     = {1994},

  Owner                    = {Ato},
  Timestamp                = {2015.02.28}
}

@Article{Saah92,
  Title                    = {Null object construction in {A}kan},
  Author                   = {Saah, Kofi K.},
  Journal                  = {MIT Working Papers in Linguistics},
  Year                     = {1992},
  Pages                    = {219-244},
  Volume                   = {17},

  Owner                    = {Ato},
  Timestamp                = {2015.07.27}
}

@Article{Saah88,
  Title                    = {Wh-questions in {A}kan},
  Author                   = {Saah, Kofi K.},
  Journal                  = {Journal of West African Languages},
  Year                     = {1988},
  Pages                    = {17-28},
  Volume                   = {18},

  Owner                    = {Ato},
  Timestamp                = {2015.07.27}
}

@Article{SaahnGoodluck95,
  Title                    = {Island effects in parsing and grammar: {E}vidence
from {A}kan},
  Author                   = {Saah, Kofi K. and Goodluck, Helen},
  Journal                  = {The Linguistic Review},
  Year                     = {1995},
  Pages                    = {381-409},
  Volume                   = {12},

  Owner                    = {Ato},
  Timestamp                = {2015.06.29}
}

@InCollection{Salzmann11,
  Title                    = {Silent resumptives in {Z}urich {G}erman possessor relativization},
  Author                   = {Salzmann, Martin},
  Booktitle                = {Null pronouns},
  Publisher                = {De Gruyter Mouton},
  Year                     = {2011},

  Address                  = {Berlin},
  Editor                   = {Wratil, Melani  and Gallmann, Peter},
  Pages                    = {141-221},

  Owner                    = {Ato},
  Timestamp                = {2016.03.14}
}

@Article{Salzmann09,
  Title                    = {When movement and base-generation compete: The definition of reference set and parameterized preferences for elimentary operations.},
  Author                   = {Salzmann, Martin},
  Journal                  = {Linguistics in the Netherlands},
  Year                     = {2009},
  Pages                    = {64-77},
  Volume                   = {26},

  Owner                    = {Ato},
  Timestamp                = {2015.02.28}
}

@Electronic{SLnP99,
  Title                    = {Optima},
  Author                   = {Samek-Lodovici, Vieri and Prince, Alan},
  HowPublished             = {ROA-363},
  Organization             = {University of London and Rutgers University},
  Year                     = {1999},

  Owner                    = {Ato},
  Timestamp                = {2015.04.30}
}

@InProceedings{Zioga15,
  Title                    = {Linking, predication, and symmetry: {O}n the syntax of the {L}inker in {K}inande},
  Author                   = {Schneider-Zioga, Patricia},
  Booktitle                = {Proceedings of the 32nd West Coast Conference on Formal Linguistics},
  Year                     = {2015},

  Address                  = {Somerville, MA},
  Editor                   = {Steindle, Ulrike and et al.},
  Pages                    = {323-331},
  Publisher                = {Cascadilla Proceedings Project},

  Owner                    = {Ato},
  Timestamp                = {2016.04.04}
}

@InCollection{Shlonsky2014,
  Title                    = {Subject positions, subject extraction, {E}{P}{P}, and the {S}ubject {C}riterion},
  Author                   = {Shlonsky, Ur},
  Booktitle                = {Locality},
  Publisher                = {Oxford University Press},
  Year                     = {2014},
  Editor                   = {Aboh, E. O. and Guasti, M. T. and Roberts, Ian},
  Pages                    = {58-85},

  Owner                    = {Ato},
  Timestamp                = {2015.07.06}
}

@Article{Shlonsky14a,
  Title                    = {Referential third person null subjects in Hebrew},
  Author                   = {Shlonsky, Ur},
  Journal                  = {Brill's Annual of Afroasiatic Languages and Linguistics},
  Year                     = {2014},
  Number                   = {1},
  Pages                    = {27-44},
  Volume                   = {6},

  Owner                    = {Ato},
  Timestamp                = {2015.07.06}
}

@Article{Shlonsky92,
  Title                    = {Resumptive pronouns as a last resort},
  Author                   = {Shlonsky, Ur},
  Journal                  = {Linguistic Inquiry},
  Year                     = {1992},
  Pages                    = {443-468},
  Volume                   = {23},

  Owner                    = {Ato},
  Timestamp                = {2015.02.28}
}

@InCollection{Silverstein76,
  Title                    = {Hierarchy of features and ergativity},
  Author                   = {Silverstein, Michael},
  Booktitle                = {Grammatical categories in {A}ustralian languages},
  Publisher                = {Australian Institute of Aboriginal Studies},
  Year                     = {1976},

  Address                  = {Canberra},
  Editor                   = {Dixon, R.M.W},
  Pages                    = {112-171},

  Owner                    = {Ato},
  Timestamp                = {2016.04.26}
}

@TechReport{Smolensky96,
  Title                    = {The initial state and 'richness of the base' in {O}ptimality {T}heory},
  Author                   = {Smolensky, Paul},
  Institution              = {John Hopkins University},
  Year                     = {1996},
  Number                   = {96-4},
  Type                     = {Technical Report JHU-CogSci},

  Owner                    = {Ato},
  Timestamp                = {2015.04.12}
}

@Article{Stewart63,
  Title                    = {Some restrictions on objects in Twi},
  Author                   = {Stewart, John},
  Journal                  = {Jounal of African Languages},
  Year                     = {1963},
  Pages                    = {45},
  Volume                   = {2},

  Owner                    = {Ato},
  Timestamp                = {2016.03.15}
}

@PhdThesis{Sudo12,
  Title                    = {On the semantics of phi features on pronouns},
  Author                   = {Sudo, Yasutada},
  School                   = {MIT},
  Year                     = {2012},

  Owner                    = {Ato},
  Timestamp                = {2016.03.14}
}

@InCollection{Taraldsen01,
  Title                    = {Subject extraction, the distribution of expletives and stylistic inversion},
  Author                   = {Taraldsen, Knut T},
  Booktitle                = {Subject Inversion in Romance and the Theory of Universal Grammar},
  Publisher                = {Oxford University Press},
  Year                     = {2001},

  Address                  = {New York},
  Editor                   = {Hulk, Aafke and Pollock, Jean-Yves},
  Pages                    = {163-182},

  Owner                    = {Ato},
  Timestamp                = {2015.07.02}
}

@InCollection{Trommer08,
  Title                    = {Multiple-Feature Mutation and Realize Morpheme},
  Author                   = {Trommer, Jochen},
  Booktitle                = {Varieties of Competition},
  Publisher                = {Instit\"ut f\"ur Linguistik, Uinversit\"at Leipzig},
  Year                     = {2008},
  Editor                   = {Heck, Fabian and M\"uller, Gereon and Trommer, Jochen},
  Pages                    = {163-182},
  Series                   = {Linguistische Arbeits Berichte},
  Volume                   = {87},

  Owner                    = {Ato},
  Timestamp                = {2015.04.08}
}

@Article{Trommer14,
  Title                    = {Moraic prefixes and suffixes in Anywa},
  Author                   = {Trommer, Jochen},
  Journal                  = {Lingua},
  Year                     = {2014},
  Pages                    = {1-34},
  Volume                   = {140},

  Owner                    = {Ato},
  Timestamp                = {2015.04.09}
}

@InCollection{Uchechukwu04,
  Title                    = {The cognitive basis of the {I}gbo verb cluster: {T}he ontology of the --{G}b\h a
cluster},
  Author                   = {Uchechukwu, Chinedu},
  Booktitle                = {Text processing and cognitive technologies},
  Publisher                = {MISA},
  Year                     = {2004},

  Address                  = {Moscow},
  Editor                   = {Solovyev , Valery and Polyakov, Vladimir},
  Pages                    = {256-269},

  Owner                    = {Ato},
  Timestamp                = {2015.12.11}
}

@InProceedings{UE95,
  Title                    = {Negative polarity licensing, indefinites and complex predicates},
  Author                   = {Uribe-Extebarria, Myriam},
  Booktitle                = {Proceedings of SALT DMLL},
  Year                     = {1995},

  Address                  = {New York},
  Pages                    = {346-361},
  Publisher                = {Ithaca},

  Owner                    = {Ato},
  Timestamp                = {2015.09.20}
}

@MastersThesis{Wentum97,
  Title                    = {A lexical tonology of {G}a},
  Author                   = {Wentum, Comfort},
  School                   = {University of Ghana},
  Year                     = {1997},

  Owner                    = {Ato},
  Timestamp                = {2015.02.15}
}

@Article{Williamson80,
  Title                    = {Predication},
  Author                   = {Williamson, E.},
  Journal                  = {Linguistic Inquiry},
  Year                     = {1980},

  Owner                    = {Ato},
  Timestamp                = {2014.09.26}
}

@InCollection{Williamson89,
  Title                    = {Niger-Congo overview},
  Author                   = {Williamson, K},
  Booktitle                = {The Niger-Congo languages},
  Publisher                = {University Press of America},
  Year                     = {1989},

  Address                  = {Lanham},
  Editor                   = {Bendor-Samuel J},

  Owner                    = {Ato},
  Timestamp                = {2015.10.28}
}

@InCollection{Wittenberg14,
  Title                    = {The Processing and Representation of Light Verb Constructions},
  Author                   = {Wittenberg, E. and Jackendoff, R. and Kuperberg, G. and Paczynski, M. and Snedeker, J and Wiese, H},
  Booktitle                = {Structuring the Argument. Multidisciplinary research on verb argument structure},
  Publisher                = {John Benjamins, Language Faculty and Beyond Series},
  Year                     = {2014},
  Editor                   = {Bachrach, A. and Roy, I. and Stockall, L},
  Pages                    = {61--80},

  Owner                    = {Ato},
  Timestamp                = {2014.10.10}
}

@InCollection{Wratil11,
  Title                    = {Uncovered \textit{pro}: {O}n the development and
identification of null subjects},
  Author                   = {Wratil, Melani},
  Booktitle                = {Null pronouns},
  Publisher                = {De Gruyter Mouton},
  Year                     = {2011},

  Address                  = {Berlin},
  Editor                   = {Wratil, Melani and Gallmann, Peter},
  Pages                    = {99-140},

  Owner                    = {Ato},
  Timestamp                = {2016.03.14}
}

@Article{Wurmbrand06,
  Title                    = {Licensing case},
  Author                   = {Wurmbrand, S.},
  Journal                  = {Journal of Germanic Linguistics},
  Year                     = {2006},
  Pages                    = {175-236},
  Volume                   = {18},

  Owner                    = {Ato},
  Timestamp                = {2015.03.01}
}

@InCollection{Yip07,
  Title                    = {Tone},
  Author                   = {Yip, Moira},
  Booktitle                = {Cambridge handbook of phonology},
  Publisher                = {Cambridg University Press},
  Year                     = {2007},
  Editor                   = {de Lacy, Paul},
  Pages                    = {195-227},

  Owner                    = {Ato},
  Timestamp                = {2015.04.20}
}

@Book{Yip02,
  Title                    = {Tone},
  Author                   = {Yip, Moira},
  Publisher                = {Cambridg University Press},
  Year                     = {2002},

  Owner                    = {Ato},
  Timestamp                = {2015.02.15}
}

@Article{Yip89,
  Title                    = {Contour tones},
  Author                   = {Yip, Moira},
  Journal                  = {Phonology},
  Year                     = {1989},
  Number                   = {1},
  Pages                    = {149-174},
  Volume                   = {6},

  Owner                    = {Ato},
  Timestamp                = {2015.04.08}
}

@Book{Zanuttini97,
  Title                    = {Negation and clausal structure. A comparative study of Romance languages},
  Author                   = {Zanuttini, Raffaella},
  Publisher                = {Oxford University Press},
  Year                     = {1997},
  Series                   = {Oxford Studies in Comparative Sntax).},

  Owner                    = {Ato},
  Timestamp                = {2015.09.30}
}

@InCollection{Hedde13,
  Title                    = {Negation and negative polarity},
  Author                   = {Zeijlstra, Hedde},
  Booktitle                = {Cambridge handbook of generative syntax},
  Publisher                = {Cambridg University Press},
  Year                     = {2013},

  Address                  = {Cambridge},
  Editor                   = {Dikken, M. d.},
  Pages                    = {793-826},

  Owner                    = {Ato},
  Timestamp                = {2015.09.20}
}

@InCollection{Hedde09,
  Title                    = {Functional structure, formal features and parametric variation:
{C}onsequences of conflicting interface conditions},
  Author                   = {Zeijlstra, Hedde},
  Booktitle                = {Inter{P}hases},
  Publisher                = {Oxford University Press},
  Year                     = {2009},
  Editor                   = {Grohmann, K.},
  Pages                    = {82-113},

  Owner                    = {Ato},
  Timestamp                = {2016.03.20}
}

@PhdThesis{Hedde04,
  Title                    = {Sentential negation and negative concord},
  Author                   = {Zeijlstra, Hedde},
  School                   = {University of Amsterdam},
  Year                     = {2004},

  Owner                    = {Ato},
  Timestamp                = {2015.09.30}
}

@InProceedings{Zerbian06,
  Title                    = {High tone spread in Sotho ver},
  Author                   = {Zerbian, Sabine},
  Booktitle                = {Selected Proceedings of the 35th Annual Conference on African Linguistics},
  Year                     = {2006},

  Address                  = {Somerville: MA},
  Editor                   = {Mugane, John and Hutchison, John P. and Worman, Dee A.},
  Pages                    = {147-157},
  Publisher                = {Cascadilla Proceedings Project},

  Owner                    = {Ato},
  Timestamp                = {2015.04.08}
}

@InProceedings{Zhang00,
  Title                    = {Phonetic duration effects on contour tone distribution},
  Author                   = {Zhang, Jie},
  Booktitle                = {Proceedings of NELS},
  Year                     = {2000},
  Editor                   = {Hirotani, M. and Coetzee, A. and Hall, N. and Kim, J-Y},
  Number                   = {2},
  Pages                    = {775-785},
  Volume                   = {30},

  Owner                    = {Ato},
  Timestamp                = {2015.04.20}
}

@Article{Zhang04,
  Title                    = {Contour tone licensing and contour tone representation},
  Author                   = {Zhang, Jie},
  Journal                  = {Language and Linguistics},
  Year                     = {2004},
  Number                   = {4},
  Pages                    = {925-968},
  Volume                   = {5},

  Owner                    = {Ato},
  Timestamp                = {2015.04.08}
}

@InCollection{Zwarts98,
  Title                    = {Three types of polarity},
  Author                   = {Zwarts, Frans},
  Booktitle                = {Plural quantification},
  Publisher                = {Dordrecht},
  Year                     = {1998},

  Address                  = {Kluwer},
  Editor                   = {Hamm, F. and Hinrichs, E.},
  Pages                    = {177-238},

  Owner                    = {Ato},
  Timestamp                = {2016.03.06}
}

@Proceedings{Shlonsky14,
  Title                    = {Referential third person null subjects in {H}ebrew},
  Year                     = {2014},

  Owner                    = {Ato},
  Timestamp                = {2015.07.06}
}

@misc{Arber1936,
	author = {H. A. Arber},
	title = {A Simple {L}otuko Grammar and {L}otuko Vocabulary.},
	year = {1936},
	note = {ms.},
	address {Juba}
}

@incollection{Billington2014,
	author = {Rosey Billington}, 
	year = {2014},
	title = {Advanced Tongue Root in {L}opit: Acoustic and ultrasound evidence},
	editor = {Jennifer Hay and Emma Parnell}, booktitle = {Proceedings of the 15th {A}ustralasian {S}peech {S}cience and {T}echnology {C}onference},
	pages = {119-122},
	address = {Christchurch},
	publisher = {University of Canterbury}
}

@book{Corbett2000,
	address = {Cambridge},
	author = {Grenville Corbett},
	publisher = {Cambridge University Press},
	title = {Number},
	year = {2000}
}

@incollection{Creisselsetal2008,
	address = {Cambridge},
	author = {Denis Creissels and Gerrit Dimmendaal and Zygmunt Frajzyngier and Christa K\"onig},
	year = {2008},
	title = {Africa as a morphosyntactic area},
	editor = {Bernd Heine and Derek Nurse}, 
	booktitle = {A Linguistic Geography of {A}frica},
	pages = {86-150},
	publisher = {Cambridge University Press}
}

@book{Dimmendaal1983,
	address = {Dordrecht},
	author = {Gerrit Dimmendaal},
	publisher = {Foris Publications},
	title = {The {T}urkana Language},
	year = {1983}
}

@article{Dimmendaal2000,
	author = {Gerrit Dimmendaal},
	journal = {Anthropological Linguistics},
	number = {2},
	pages = {214-261},
	title = {Number marking and noun categorization in {N}ilo-{S}aharan languages},
	volume = {42},
	year = {2000}
}

@article{Driberg1932,
	author = {J. H. Driberg},
	journal = {American Anthropologist},
	number = {4},
	pages = {601-609},
	title = {Lotuko dialects},
	volume = {34},
	year = {1932}
}

@incollection{Greenberg1981,
	address = {Los Angeles},
	author = {Joseph Greenberg},
	series = {Studies in {A}frican Linguistics Supplement 8},
	pages = {43-45},
	title = {Nilo-{S}aharan movable k as a stage {III} article}, 
	booktitle = {Précis from the 12th {C}onference on {A}frican {L}inguistics- {S}tanford, {A}pril 10-12 1981},
	publisher = {University of California},
	year = {1981}
}

@phdthesis{Grimm2012,
	author = {Scott Grimm},
	school = {Stanford University},
	type = {Doctoral dissertation},
	title = {Number and individuation},
	year = {2012}
}

@book{HildersLawrance1957,
	address = {Kampala},
	author = {J. H. Hilders and  J. C. D. Lawrance},
	publisher = {Eagle Press, East African Literature Bureau},
	title = {An Introduction to the {A}teso Language}, edition = {2},
	year = {1957}
}

@book{Laduetal2014,
	address = {Juba},
	author = {V. O. Ladu and A. S. Nartisio and C. O. Bong and P. H. Odingo and  P. A. Gilbert},
	publisher = {SIL-South Sudan},
	title = {Lopit Grammar Book},
	year = {2014}
}

@book{Muratori1938,
	address = {Verona},
	author = {Carlo Muratori},
	publisher = {Missioni Africane},
	title = {Grammatica {L}otuxo},
	year = {1938}
}

@book{Stirtz2014,
	address = {Juba},
	author = {Tim Stirtz},
	publisher = {SIL-Sudan},
	title = {Phonological comparison of {L}opit dialects},
	year = {2014}
}

@book{TuckerMpaayei1955,
	address = {London},
	author = {A. N. Tucker and J. T. O. Mpaayei},
	publisher = {Longmans, Green},
	title = {A {M}aasai grammar: With vocabulary},
	year = {1955}
}

@book{Turner2001,
	address = {Nairobi},
	author = {Daryl Turner},
	publisher = {SIL-Sudan},
	title = {Lopit phonology: An outline of the phonology of {L}opit words with a proposal for a tentative working orthography},
	year = {2001}
}

@article{Unseth1988,
	author = {Peter Unseth},
	journal = {Studies in African Linguistics},
	number = {1},
	pages = {75-91},
	title = {Majang nominal plurals, with comparative notes},
	volume = {19},
	year = {1988}
}

@book{Vossen1982,
	address = {Berlin},
	author = {Rainer Vossen},
	publisher = {Dietrich Reimer Verlag},
	title = {The {E}astern {N}ilotes: Linguistic and Historical Reconstructions},
	year = {1982}
}

@incollection{Vossen1983,
	address = {East Lansing, Michigan},
	author = {Rainer Vossen},
	booktitle = {Nilo-{S}aharan Language Studies},
	editor = {M. L. Bender},
	pages = {177-207},
	publisher = {African Studies Centre, Michigan State University},
	title = {Comparative {E}astern {N}ilotic},
	year = {1983}
}



